2912 3770
525 264 663 328 440
899 256 906 313 l
964 201 1056 307 LE
1191 225 1268 306 X
1342 235 1881 308 -0.††·D1-‘2,U
1945 228 2067 304 ,S
2149 208 2164 221 ..

601 366 746 428 7982.
780 361 905 410 Vei-s
919 379 931 409 z
959 378 1039 422 40.
1066 377 1145 419 41.
1171 377 1251 422 42.
1288 362 1350 414 Et
1373 360 1579 411 habitatio
1591 361 1782 422 filiorum
1807 359 1995 424 Israelis,
2028 377 2113 425 qua
2144 360 2453 414 habitaverunt
2475 365 2521 415 in

533 430 735 495 AEgypto,
772 433 955 492 triginta
980 430 1080 474 anm·
1104 425 1158 474 [9³
1184 427 1481 490 quadringenti
1503 431 1622 477 anni.
1694 430 1758 476 Et
1766 429 1863 490 fuit
1881 446 1907 475 a
1927 426 2010 485 fine
2032 431 2214 492 triginta
2238 444 2444 477 annorum
2462 429 2520 479 &

537 499 942 561 quadringentorum
968 508 1185 548 annorum,
1211 496 1306 558 fuit
1331 497 1375 543 in
1398 493 1536 543 eodem
1575 495 1643 543 die
1672 495 1766 550 hoc,
1803 496 2030 542 exiverunt
2050 510 2188 541 omnes
2211 500 2416 543 exercitus
2439 494 2522 556 Je-

439 562 442 563 ’
534 564 656 611 hovae
680 561 835 610 eterra
858 563 1055 622 AEgypti.
1131 561 1235 609 Nox
1258 560 1539 621 custodiarum
1562 562 1650 608 haec
1672 562 1867 623 Jehovae‚
1903 559 1963 607 ad
1984 559 2237 608 educendum
2258 561 2348 610 illos
2364 578 2386 609 e
2402 572 2524 610 terra

538 631 725 692 AEgypti
748 649 761 682 3
800 629 887 674 haec
914 643 991 672 nox
1011 625 1086 685 ista
1109 627 1289 688 Jehovae
1313 626 1595 687 custodiarum
1620 628 1805 675 omnibus
1824 626 1935 685 filiis
1956 627 2121 688 Israelis
2156 626 2219 674 ad
2233 631 2528 690 generationes

539 697 724 744 illorum.
782 693 843 739 Et
871 692 1086 738 habitatio
1110 694 1308 740 filiorum
1329 693 1494 740 Israelis
1518 711 1608 757 qua
1632 694 1948 741 habitaverunt
1969 694 2014 739 in
2035 693 2271 757 AEgypto,
2296 695 2529 757 fignificat

546 761 884 808 infestationum
905 761 1187 806 durationem
1206 776 1216 804 :
1243 761 1426 818 triginta
1449 761 1571 816 anni,
1596 761 1646 806 ὅτ
1677 760 1996 823 quadringenti
2019 761 2141 815 anni,
2159 761 2386 821 *fignificat
2399 759 2530 824 quale

542 828 597 875 ad
618 827 782 873 statum
814 825 1019 871 illarum:
1057 825 1107 870 ὅτ
1133 825 1218 871 fuit
1248 840 1272 870 a
1290 826 1380 871 fine
1400 826 1584 901 triginta
1604 840 1826 872 annorum
1845 825 1892 872 &
1914 824 2356 888 quadringentorum
2384 822 2529 874 anno'·

542 909 662 946 rum,
683 891 903 953 fignificat
923 904 1104 952 tempus
1123 892 1341 937 adventus
1359 890 1555 938 Domini
1572 907 1676 938 cum
1696 891 1868 938 liberati
1887 906 1897 934 ε
1922 893 1970 937 δε
1987 888 2074 948 fuit
2090 892 2134 937 in
2149 891 2312 939 eodem
2331 893 2406 938 die
2425 893 2531 949 hoc,

552 958 777 1019 fignificat
794 957 920 1019 quod
943 970 1070 1003 tenc:
1094 956 1326 1006 exiverunt
1343 973 1501 1004 omnes
1519 958 1742 1004 exercitus
1764 956 1960 1020 Jehovae
1978 971 2003 1001 e
2023 968 2134 1002 terra
2152 957 2367 1022 AEgypti,
2391 959 2530 1020 figni-

547 1026 653 1073 ficat
670 1022 796 1087 quod
822 1024 882 1068 illi
904 1023 984 1087 qui
1007 1024 1054 1068 in‘
1072 1038 1182 1070 vero
1202 1025 1249 1070 &
1267 1024 1406 1077 bono,
1422 1024 1624 1087 &usque
1645 1022 1751 1070 illuc
1766 1022 1939 1069 detenti
1957 1023 2159 1085 exempti
2186 1024 2271 1074 sint
2290 1042 2301 1071 :
2342 1040 2435 1074 nox
2457 1041 2533 1073 cu·

546 1089 796 1138 stodiarum
823 1090 920 1135 haec
942 1089 1156 1151 Jehovae,
1193 1088 1410 1152 fignificat
1447 1090 1642 1137 Domini
1676 1088 1961 1152 praesentiam
1986 1089 2105 1151 apud
2129 1088 2229 1136 illos
2250 1091 2331 1155 qui
2357 1091 2400 1138 in
2424 1107 2534 1139 vero

548 1158 599 1204 ὅτ
625 1157 765 1211 bono,
804 1156 850 1202 &
877 1157 995 1216 apud
1026 1154 1124 1200 illos
1146 1156 1227 1218 qui
1262 1156 1304 1202 in
1332 1156 1453 1202 malo
1476 1155 1526 1202 ὅτ
1553 1156 1658 1203 inde
1685 1154 1728 1202 in
1758 1170 1885 1203 meto
1907 1152 2050 1201 falso:
2085 1153 2458 1209 adeducendum
2483 1148 2537 1206 ill

553 1223 621 1270 los
652 1239 677 1268 e
703 1237 814 1267 terra
836 1219 1051 1284 AEgypti,
1089 1221 1313 1282 fignificat
1333 1221 1647 1268 libera-tionem
1673 1237 1730 1268 ex
1752 1221 2017 1283 captivitate
2042 1216 2292 1283 spirituali:
2320 1222 2417 1270 haec
2442 1227 2536 1271 nox

555 1287 635 1335 issa
658 1287 861 1346 Jehovae·
877 1286 1204 1342 custodiarum,
1242 1287 1463 1351 fignificat
1486 1287 1614 1352 quod
1640 1300 1750 1334 tunc
1765 1288 1935 1334 detenti
1959 1287 2014 1332 ab
2037 1287 2166 1334 omni
2195 1287 2303 1335 falso
2322 1290 2371 1336 δε
2389 1289 2538 1336 malo:

553 1353 771 1402 omnibus
797 1353 897 1399 filiis
919 1352 1090 1400 Israelis
1128 1354 1182 1399 acl
1207 1354 1519 1415 generationes
1545 1354 1748 1409 illorum,
1784 1352 2007 1415 fignificat
2031 1351 2133 1399 illos
2154 1354 2212 1401 ab
2231 1354 2541 1420 Ecclefiaffpi-

554 1419 722 1474 rituali,
747 1416 880 1482 ¹apud
905 1433 1019 1482 quos
1046 1418 1110 1466 est
1136 1420 1310 1466 bonum
1335 1436 1393 1467 ex
1419 1435 1528 1467 vero
1553 1421 1602 1467 ὅτ
1627 1430 1785 1467 verum
1807 1435 1865 1475 ex
1889 1419 2027 1466 bono.

622 1486 717 1551 798
727 1502 768 1546 3.
809 1483 874 1531 Et
914 1485 1131 1531 habitatio
1158 1485 1355 1532 filiorum
1395 1485 1565 1532 Israelis
1608 1502 1696 1549 qua
1735 1485 2055 1533 habitaverunt
2079 1483 2123 1531 in
2149 1483 2375 1550 AEgypto,
2407 1482 2539 1550 quud

558 1551 783 1613 fignificet
821 1550 1158 1598 infestationum
1202 1552 1509 1607 durationem,
1554 1551 1727 1598 constat
1765 1566 1822 1598 ex
1862 1549 2210 1612 significatione,
2231 1551 2540 1608 habitatio-nis,

557 1618 689 1683 quod
717 1617 769 1663 fit
793 1618 903 1664 vitae
929 1616 1077 1671 status,
1113 1617 1170 1662 de
1194 1634 1281 1681 qua
1319 1634 1378 1664 n:
1413 1633 1550 1679 ¹293·
1591 1620 1734 1680 3384.
1763 1617 1907 1680 3613.
1935 1633 2080 1676 445¹·
2110 1617 2259 1677 6051,
2297 1617 2370 1665 hic
2405 1617 2542 1665 status

560 1682 922 1737 infestationum,
960 1698 1067 1730 narn
1093 1683 1170 1729 ille
1194 1683 1257 1730 est
1283 1684 1416 1731 status
1438 1685 1567 1740 vitae,
1603 1688 1780 1748 dequo
1799 1698 1918 1730 nunc
1941 1683 2107 1745 agitur,
2145 1684 2194 1730 δε
2219 1686 2298 1748 qui
2324 1683 2542 1748 signifi-ca·

557 1760 635 1813 tur
655 1765 737 1811 ,per
762 1764 1010 1796 numerum
1034 1750 1219 1811 triginta
1242 1751 1290 1798 δι
1315 1749 1763 1814 quadringentorum
1787 1763 2029 1812 annorum,
2065 1748 2119 1796 ad
2141 1765 2282 1813 quem
2306 1750 2384 1799 illa
2409 1750 2544 1799 verba
2577 1749 2581 1755 ’

562 1815 606 1864 se
629 1813 842 1862 referunt.
1190 1855 1193 1859 .
1591 1835 1597 1842 ’

628 1884 776 1945 7984.
810 1881 1030 1943 Triginta
1052 1882 1159 1928 anni
1189 1882 1239 1930 δε
1260 1881 1549 1945 quaringenti
1579 1880 1700 1938 anni,
1734 1882 1863 1946 quod
1887 1881 2110 1946 fignificet
2142 1882 2278 1945 quale
2301 1882 2352 1929 &
2377 1881 2543 1931 statum

560 1946 763 2002 illarum,
798 1948 968 1996 constat
992 1963 1049 1995 ex
1074 1947 1406 2009 significatione
1432 1949 1636 2012 triginta,
1654 1949 1782 2011 quod
1819 1949 1872 1996 fit
1896 1948 2030 1995 status
2054 1945 2212 2009 plenus
2236 1947 2546 2012 reliquiarum,
2583 1990 2596 2001 ,

565 2012 771 2075 exsurgit
793 2014 915 2060 enim
941 2013 1019 2060 ille
1043 2028 1262 2073 numerus
1284 2029 1340 2060 ex
1366 2014 1504 2061 tribus
1527 2015 1576 2072 ὅτ
1595 2014 1754 2061 decern
1775 2015 1822 2061 in
1847 2014 1887 2062 se
1918 2011 2250 2075 inultiplicatis,
2285 2014 2336 2061 &
2361 2029 2440 2076 per
2463 2014 2547 2061 tria

567 2079 847 2142 fignificatur
879 2078 1017 2127 status
1048 2079 1220 2141 plenuS‚
1261 2096 1288 2127 n
1311 2079 1495 2139 :'2788.
1519 2095 1667 2143 4495.
1719 2094 1864 2144 7715,
1917 2093 2088 2143 perque
2123 2079 2287 2126 decem
2327 2079 2554 2143 reliquiae,

569 2161 631 2194 n:
658 2146 771 2208 576.
801 2145 941 2208 1906.
970 2148 1130 2204 2284;
1175 2146 1289 2209 quid
1313 2145 1444 2194 status
1470 2146 1649 2207 plenuS,
1678 2147 1725 2194 in
1750 2146 2038 2210 sequentibus
2060 2145 2232 2193 dice‘tur
2255 2166 2269 2200 ;
2306 2145 2354 2192 &
2379 2161 2438 2192 ex
2456 2146 2551 2208 sig-

570 2211 831 2258 nificatione
854 2211 1315 2273 quadringentorum,
1350 2212 1481 2275 quod
1500 2212 1584 2260 sint
1602 2210 1862 2260 vastationis
1879 2211 2078 2268 duratio,
2102 2212 2168 2257 de
2193 2227 2284 2275 qua
2308 2227 2368 2258 n:
2406 2226 2550 2276 2959.

577 2275 726 2340 2966,
763 2277 813 2324 ὅτ,
836 2276 1230 2338 inde-conjunffio
1254 2278 1364 2324 boni
1387 2278 1437 2325 δε
1461 2278 1571 2333 veri,
1607 2294 1667 2326 n:
1703 2294 1830 2339 4341
1855 2294 1867 2324 :
1912 2278 2040 2342 quod
2069 2292 2229 2325 ornnes
2263 2279 2441 2325 numeri
2466 2278 2554 2342 fig·
2573 2323 2598 2332 Α,

573 2343 763 2389 nificent
786 2357 852 2388 res
894 2343 943 2389 &
969 2342 1123 2399 statuS,
1148 2344 1198 2390 &
1223 2342 1589 2406 quodnumerus
1624 2343 1900 2406 compositus
1938 2343 2083 2391 firnile
2121 2358 2228 2390 curn
2254 2344 2550 2406 simplicibus,

574 2422 635 2455 ex
658 2407 824 2472 quibus
846 2409 1128 2471 compositus
1148 2408 1228 2464 est,
1264 2409 1469 2456 videatur
1493 2407 1618 2472 supra
1641 2425 1668 2455 n
1689 2426 1699 2455 :
1728 2425 1820 2475 797
1828 2427 1871 2470 3.
1942 2409 2086 2469 Quod
2105 2409 2418 2466 vastationem,
2443 2425 2551 2474 quae

576 2488 657 2537 per
678 2473 1036 2538 quadringentos
1061 2490 1198 2522 annos
1223 2474 1512 2536 significatur,
1547 2475 1722 2530 attinet,
1757 2475 1822 2521 est
1845 2474 1920 2523 illa
1941 2475 2136 2538 duplex,
2173 2488 2338 2540 nempe
2361 2474 2554 2523 vastatio

577 2539 688 2587 mali
713 2541 763 2587 &
787 2538 901 2595 falfi,
933 2541 982 2588 &
1007 2540 1198 2588 vastatio
1222 2541 1327 2588 boni
1353 2542 1404 2589 δε
1425 2541 1518 2587 veri
1540 2561 1554 2596 ;
1589 2540 1711 2604 apud
1752 2541 1854 2587 illos
1877 2542 1955 2603 qui
1978 2541 2251 2588 damnantur
2274 2541 2338 2588 est
2365 2540 2553 2589 vastatio

580 2605 692 2652 boni
717 2606 765 2651 &
789 2605 903 2662 veri,
940 2618 987 2653 at
1023 2607 1144 2669 apud
1168 2606 1268 2653 illos
1291 2606 1370 2671 qui
1408 2605 1646 2663 salvantur,
1684 2606 1746 2653 est
1769 2606 1962 2656 vastatio
2001 2607 2109 2654 mali
2134 2608 2184 2655 &
2206 2605 2334 2660 falfi;
2370 2607 2558 2656 vastatio

583 2670 648 2718 est
673 2671 904 2734 privatio:
941 2673 1066 2735 quod
1095 2671 1198 2718 mali
1223 2674 1305 2736 qui
1351 2672 1410 2720 ab
1443 2672 1640 2720 Ecclesia
1685 2672 1887 2729 fuerunt,
1923 2671 2088 2720 vastati
2116 2673 2206 2719 fint
2239 2672 2389 2735 quoad
2415 2688 2557 2721 omne

584 2736 762 2784 bonurn
787 2738 837 2785 δε
863 2751 1038 2793 verum,
1070 2738 1287 2786 hactenus
1308 2737 1536 2786 ostensum
1572 2737 1653 2794 est,
1687 2754 1792 2785 nam
1840 2737 2096 2785 vastationis
2134 2737 2299 2800 gradus
2334 2737 2559 2788 succeffivi

586 2802 826 2864 significati
852 2801 953 2850 sunt
978 2820 1058 2866 per
1080 2804 1234 2867 plagas
1257 2803 1302 2851 in
1322 2804 1570 2868 AEgypto·,
1606 2803 1714 2851 boni
1739 2816 1893 2851 autem
1934 2802 2158 2851 vastantur
2187 2804 2336 2867 quoad
2378 2805 2557 2853 malum

587 2869 644 2918 &v
664 2866 820 2915 falsum
843 2889 857 2922 ;
894 2869 993 2916 haec
1013 2869 1134 2932 apud
1161 2870 1260 2917 illos
1284 2870 1379 2917 succ
1403 2872 1515 2916 'LIive
1534 2869 1806 2933 separantur,
1832 2871 1918 2916 hoc
1941 2869 2020 2925 est,
2046 2868 2305 2933 rejiciuntur
2327 2870 2382 2916 ad
2408 2870 2562 2928 latera,

587 2949 641 2981 ac
666 2934 784 2980 bona
807 2935 857 2981 δε
881 2949 983 2980 vera
1004 2933 1281 2998 colliguntur
1300 2935 1355 2982 ad
1381 2936 1585 2983 medium
1609 2956 1624 2991 ς
1664 2936 1763 2983 haec
1797 2935 2008 2983 collectio
2047 2935 2154 2982 boni
2195 2935 2244 2982 δε
2270 2937 2363 2983 veri
2397 2935 2565 2984 intelli-

588 2999 712 3064 gitur
746 3014 825 3063 per
849 2998 1056 3063 reliquias
1075 3017 1102 3055 ;·
1125 3017 1326 3065 cumque
1365 3001 1502 3049 status
1528 3002 1684 3064 plenus
1708 3000 1998 3065 reliquiarum
2037 3000 2127 3048 illis
2150 3001 2363 3057 est,.tunc
2384 3003 2562 3050 elevan-

588 3077 663 3112 tur
688 3065 732 3111 in
756 3063 922 3123 coelum
943 3087 957 3120 3
994 3066 1065 3113 hic
1089 3066 1223 3113 status
1247 3066 1310 3112 est
1333 3069 1415 3127 qui
1438 3068 1714 3129 significatur
1738 3081 1817 3128 per
1840 3066 2040 3127 trigin‘ta,
2068 3067 2119 3118 ez
2135 3067 2333 3115 vastatio*
2349 3082 2429 3130 per
2451 3082 2564 3131 qua-

597 3130 872 3192 dringenta:
905 3128 1092 3178 vastatio
1114 3133 1294 3180 mali&
1319 3130 1432 3187 falfi,
1465 3149 1516 3179 ac
1549 3132 1788 3180 insinuatio
1817 3131 1926 3183 boni
1966 3133 2016 3179 &
2051 3132 2144 3179 veri
2168 3133 2288 3196 apud
2314 3130 2473 3187 bonOS,
2511 3135 2566 3180 fit

592 3210 676 3263 per
698 3195 1021 3259 infestati-ones,
1056 3198 1107 3247 &
1140 3214 1219 3263 per
1254 3199 1551 3255 tentationes;
1602 3213 1684 3263 per
1723 3197 1819 3246 illas
1857 3198 1908 3247 &
1947 3198 2025 3248 has
2052 3210 2352 3249 removentur
2377 3198 2479 3247 falsa
2514 3199 2566 3249 δε

2425 3263 2563 3321 mala,
