2912 3770
509 249 645 319 344
983 232 1050 304 E
1186 230 1295 310 X
1395 236 1456 303 0
1597 234 1886 306 D·U
2016 233 2131 303 S.··-

502 370 585 417 ,per
609 373 697 404 non
722 356 846 421 posse
869 357 1020 404 videre
1043 371 1220 404 terram.
1277 357 1401 404 .Inde
1417 373 1602 421 quoque
1623 356 1701 409 est,
1735 356 1862 420 quod
1881 357 1905 403 s
1901 355 2055 419 piritus
2075 356 2321 419 infernales,
2356 366 2466 413 cum

504 418 719 475 devastati
746 422 865 480 sunt,
904 425 947 469 in
972 426 1182 470 extremis
1218 425 1427 469 naturalis
1451 427 1553 479 ilat,
1594 427 1747 468 iumen
1774 423 1971 478 illorum,
2008 424 2131 485 quod
2159 427 2310 474 lumen
2335 430 2464 476 intel-

503 486 694 536 lestuale
732 503 930 544 vocatur,
982 504 1062 535 nec
1085 488 1148 534 est
1172 487 1374 563 ab'fimiie
1407 490 1571 536 lumini
1604 487 1735 551 hujus
1768 490 1945 544 mundi,
1970 531 1975 537 r
1996 492 2123 552 quod
2148 493 2192 537 in
2218 494 2352 542 altera
2377 496 2468 543 vita

504 555 680 615 prorsus
717 557 770 601 fit
813 557 961 615 caiigo
1007 556 1062 601 ad
1105 555 1387 617 praesentiam
1432 555 1542 602 lucis
1586 557 1707 602 coeli.
1780 556 1902 614 Quia
1942 568 2201 604 extremum
2241 562 2463 617 naturaliS,

507 621 635 681 quod
683 620 872 668 sensuale
915 627 1113 675 vocatur,
1166 620 1229 667 est
1267 621 1449 667 fallaciis
1483 623 1532 669 ὅτ
1568 621 1671 667 inde
1708 619 1842 675 falsis,
1880 636 1930 667 ac
1958 623 2463 685 voluptatibus&inde

500 685 631 731 malis
657 687 898 748 repletum,
937 702 992 731 n:
1020 687 1163 744 6844.
1191 687 1337 746 6845,
1373 688 1422 733 &
1444 689 1550 750 quia
1570 685 1739 734 inferna
1757 688 1801 733 in
1822 687 1902 733 illo
1927 688 2098 735 lumine
2122 689 2240 746 sunt,
2279 691 2464 748 idcirco,

498 753 683 812 quando
724 764 1006 814 regeneratur
1047 753 1204 807 horno,
1241 769 1265 798 a
1291 753 1503 799 Domino
1538 754 1732 800 donatur
1768 752 1992 809 facultate,
2028 766 2140 804 *uta
2166 756 2345 803 sensuali
2380 758 2462 807 illo

499 817 661 864 elevari
690 821 818 878 possit
843 817 988 863 versus
1014 819 1237 874 interiora,
1275 818 1480 863 videatur
1504 835 1558 864 n:
1586 819 1726 879 6183.
1755 819 1896 878 6313.
1925 833 2069 882 7442.

567 883 709 944 7646.
758 883 819 929 Et
842 884 1052 929 comedet
1075 883 1297 930 residuum
1322 884 1538 930 evasionis
1564 884 1732 930 reriftae
1756 883 1888 929 vobis
1910 900 1936 929 a
1960 884 2191 945 grandine,
2227 888 2351 950 quod
2379 888 2466 952 fig·
2494 928 2498 934 s

498 947 649 994 nificet
672 948 1039 996 consumtionem
1063 949 1277 996 omnium
1303 966 1409 1012 quae
1433 948 1602 1013 aliquid
1628 966 1684 996 ex
1709 963 1819 994 vero
1837 948 2017 1006 habent,
2052 952 2223 998 constat
2243 970 2300 1000 ex
2323 954 2461 1016 figni-

495 1014 707 1061 ficatione
741 1014 996 1072 comedere,
1045 1017 1167 1079 quod
1198 1016 1246 1061 fit
1269 1015 1509 1069 consumi,
1562 1017 1611 1062 δε
1635 1032 1658 1060 a
1684 1014 2009 1077 significatione
2047 1017 2208 1064 refidui
2243 1021 2460 1069 evafionis

497 1080 668 1127 relietae
691 1098 715 1129 a
738 1080 973 1144 grandine,
1010 1080 1137 1144 quod
1163 1081 1215 1128 fit
1240 1097 1396 1128 verum
1422 1097 1511 1128 non
1536 1082 1828 1128 consumtum
1853 1097 1878 1127 a
1901 1081 2037 1145 priori
2064 1081 2192 1140 falso,
2228 1081 2463 1149 quod-per

496 1147 764 1208 grandinem
799 1147 1087 1208 significatur,
1140 1148 1266 1210 quod
1303 1148 1474 1208 grando
1499 1147 1550 1194 fit
1572 1146 1749 1203 falsum,
1803 1145 2083 1194 videaturn:
2110 1161 2253 1210 7553.
2294 1166 2456 1214 75743

495 1212 615 1268 falsa,
668 1229 775 1276 quae
811 1213 985 1272 grando
1024 1212 1262 1275 fignificat,
1316 1213 1415 1261 sunt
1440 1213 1543 1260 falsa
1568 1214 1613 1260 in
1637 1211 1846 1260 exteriori
1888 1213 2099 1268 naturali,
2133 1226 2177 1262 at
2201 1214 2319 1272 falsa,
2355 1232 2462 1279 quae

494 1278 664 1326 locusta
689 1278 926 1341 significat,
965 1278 1063 1325 sunt
1083 1278 1183 1325 falsa
1202 1281 1247 1326 in
1266 1279 1479 1327 extremis
1498 1278 1587 1340 ejus
1609 1300 1622 1333 3
1653 1279 1756 1325 'haec
1779 1278 1879 1325 salsa
1905 1279 2021 1335 sunt,
2057 1295 2165 1342 quae
2188 1281 2461 1332 consumunt

494 1360 599 1391 vera
622 1346 671 1392 ὅτ
695 1345 812 1391 bona
834 1346 1231 1398 communiffima·,
1283 1361 1387 1391 nam
1426 1346 1646 1392 exteriora
1684 1346 1786 1391 sunt
1821 1360 2007 1407 quoque
2036 1346 2372 1406 communiora,
2409 1350 2461 1396 δι’.

453 1425 457 1431 ’
492 1425 675 1459 exte-rna
694 1411 797 1458 sunt
821 1415 1219 1464 commumffima;
1272 1411 1457 1473 quando
1477 1412 1739 1458 communia
1762 1410 1985 1458 destrufta
2010 1411 2122 1465 sunt,
2178 1414 2473 1474 particularia¹

492 1480 770 1541 dissipantur,
798 1492 925 1524 -nam
960 1493 1228 1525 communia
1253 1476 1352 1525 sunt
1375 1493 1484 1544 quae
1506 1479 1753 1535 continent,
1803 1478 1851 1525 δε
1874 1476 2159 1543 particularia
2184 1494 2293 1545 quae
2313 1481 2460 1528 conti-

490 1561 665 1595 nentur.
1390 1602 1394 1605 ,
1991 1573 1997 1577 -

561 1616 703 1675 7647.
757 1612 821 1659 Et
854 1612 1066 1660 comedet
1100 1628 1286 1659 omnem
1321 1612 1525 1659 arborem
1563 1612 1897 1675 germinantem
1922 1610 2050 1658 vobis
2073 1627 2132 1659 ex
2153 1627 2279 1674 agro,
2326 1613 2457 1682 quod

490 1677 711 1743 significet
735 1679 793 1726 fic
815 1679 1179 1726 consumtionem
1207 1681 1416 1726 omnium
1444 1680 1762 1740 cognitionum
1781 1694 1888 1740 quae
1911 1677 1998 1725 illis
2020 1678 2076 1724 ab
2099 1678 2312 1735 Ecclesia,
2348 1696 2457 1726 con-

489 1747 572 1793 stat
595 1760 651 1791 ex
675 1745 1001 1807 significatione
1019 1745 1273 1800 comedere,
1310 1745 1434 1808 quod
1457 1745 1507 1789 sit
1526 1744 1802 1800 consumtiO,
1837 1757 1889 1791 ut
1909 1759 2028 1790 nunc
2053 1742 2179 1806 supra
2205 1760 2232 1790 n
2253 1761 2263 1789 ε
2292 1746 2420 1805 7646
2441 1767 2457 1800 ς

488 1830 547 1860 ex
565 1810 886 1871 significatione
902 1811 1086 1865 arboris,
1122 1811 1246 1874 quod
1266 1811 1350 1858 sint
1370 1812 1693 1872 perceptioneS,
1731 1822 1828 1856 tum
1846 1809 2130 1870 cognitiones
2150 1809 2242 1855 veri
2260 1811 2309 1858 &
2328 1812 2456 1868 boni,
2889 1830 2900 1863 ς

487 1880 547 1925 de
569 1893 656 1941 qua
681 1893 737 1923 n:
767 1890 891 1935 2722
919 1877 1011 1923 fin:
1039 1892 1166 1938 2972
1190 1898 1204 1931 ;
1255 1877 1303 1924 ὅτ
1327 1893 1383 1922 ex
1411 1875 1871 1938 fignificationeragrh
1914 1875 2042 1939 quod
2065 1875 2118 1922 fit
2143 1874 2357 1935 Ecclefia,
2392 1878 2452 1925 de
2525 1869 2533 1882 '
2894 1912 2912 1964 Σ

411 1950 413 1952 ’
480 1961 578 2010 vqua
603 1959 663 1990 n:
691 1956 836 2005 2971.
865 1956 1009 2004 3317·
1034 1942 1180 2001 4766.
1205 1957 1351 2000 4440.
1379 1956 1521 2003 7502.
1546 1956 1688 2006 7571.
1873 2006 1883 2014 .
2785 1974 2787 1977 -

556 2009 697 2073 7648.
736 2007 799 2054 Et
824 2008 1111 2070 replebuntur
1134 2008 1302 2054 domus
1333 2021 1441 2062 tuae,
1494 2006 1543 2053 &
1567 2010 1733 2054 domus
1755 2021 1968 2055 omnium
1994 2007 2225 2054 servorum
2250 2018 2453 2067 tuorum,

486 2077 538 2125 δε
561 2076 723 2121 domus
745 2075 956 2122 omnium
982 2073 1332 2136 AEgyptioium,
1383 2073 1506 2136 quod
1545 2073 1764 2134 significet
1798 2073 1920 2135 quod
1961 2073 2169 2136 regnabit
2206 2073 2368 2122 salsum
2404 2077 2454 2124 in

486 2140 698 2190 omnibus
723 2141 771 2187 δε
796 2139 979 2200 singulis
1002 2141 1047 2186 in
1073 2141 1258 2186 naturali
1279 2141 1336 2185 ab
1359 2138 1561 2186 interiori
1586 2137 1678 2201 ejus
1702 2139 1756 2185 ad
1782 2150 2058 2196 extremum,
2088 2138 2266 2187 constat
2288 2157 2345 2188 ex
2363 2140 2452 2203 fig.-

486 2206 748 2255 nificatione
783 2205 965 2267 repleri,
1017 2205 1142 2267 quod
1169 2205 1221 2252 fit
1247 2220 1446 2266 regnare,
1499 2204 1556 2251 de
1580 2221 1669 2267 qua
1692 2205 1920 2269 sequitur;
1974 2206 2023 2252 δε
2046 2220 2102 2251 ex
2127 2205 2463 2268 fignificationev

483 2274 652 2321 domus
676 2268 935 2327 Pharaonis,
971 2270 1135 2317 domus
1157 2272 1367 2318 omnium
1394 2269 1619 2317 servorum
1643 2268 1750 2331 ejus,
1786 2271 1836 2318 &
1853 2270 2016 2318 domus
2038 2271 2245 2318 omnium
2266 2272 2453 2336 AEgyp-

485 2339 674 2392 tiorum,
719 2335 845 2400 quod
871 2333 955 2382 sint
977 2337 1132 2384 omnia
1154 2337 1205 2384 δε
1229 2335 1397 2398 singula
1421 2336 1466 2383 in
1490 2337 1693 2391 naturali,
1740 2336 1796 2381 de
1820 2352 1911 2400 qua
1936 2353 1990 2382 n:
2022 2353 2166 2399 7353.
2194 2351 2337 2400 7355,
2373 2339 2449 2386 hic

484 2406 542 2452 ab
566 2401 766 2451 interiori
789 2401 884 2464 ejus
906 2402 961 2448 ad
987 2413 1263 2458 extremum,
1318 2401 1561 2448 secundum
1589 2400 1663 2448 illa
1687 2417 1795 2465 quae
1821 2401 1947 2464 supra
1984 2419 2040 2449 n:
2068 2403 2196 2467 7645
2232 2403 2456 2466 explicata

483 2473 598 2520 sunt.
671 2468 815 2531 Qod
840 2467 997 2531 repleri
1023 2467 1076 2514 fit
1100 2483 1298 2530 regnare,
1334 2467 1398 2514 est
1420 2468 1528 2531 quia
1552 2483 1657 2515 cum
1684 2484 1811 2515 mens
1834 2468 2033 2515 hominis
2057 2469 2223 2533 repleta
2245 2467 2449 2519 est-falfis

484 2553 542 2585 ex
568 2535 709 2589 malis,
757 2534 870 2580 adeo
906 2545 960 2580 ut
986 2531 1241 2595 jucundum
1266 2533 1304 2580 ei
1330 2534 1383 2580 fit
1408 2549 1486 2594 per
1511 2532 1615 2595 falsa
1641 2533 1883 2596 seducere„
1913 2535 1963 2594 &
1988 2535 2104 2581 mala
2126 2534 2286 2591 facere,
2337 2546 2452 2584 tunc

483 2603 648 2650 dicitur
668 2601 797 2664 quod
821 2599 867 2645 id
890 2613 1051 2660 regnet
1069 2600 1190 2662 apud
1212 2599 1358 2654 illum,
1395 2600 1445 2646 δε
1470 2598 1560 2662 ipsa
1584 2598 1766 2646 affectio
1790 2599 1955 2648 dicitur
1974 2615 2191 2662 regnans,
2227 2599 2453 2648 universa-

481 2668 581 2716 liter
605 2681 792 2728 regnans
816 2665 980 2712 dicitur
1004 2664 1048 2710 id
1074 2665 1202 2730 quod
1224 2666 1405 2727 ’implet
1442 2676 1586 2711 totam
1623 2665 1821 2713 hominis
1858 2679 2076 2720 mentem,
2128 2665 2215 2711 hoc
2237 2665 2318 2722 est,
2355 2678 2451 2714 tam

481 2732 576 2796 ejus
598 2733 933 2794 cogitationem⁴
963 2747 1103 2794 quarn
1142 2730 1458 2784 voluntatem;
1506 2731 1551 2778 id
1577 2733 1706 2794 quod
1732 2732 1874 2780 homo
1898 2746 1993 2795 prae
2015 2731 2200 2794 reliquis
2221 2743 2361 2787 amat,
2397 2733 2449 2781 &

481 2815 567 2863 ‚pro
592 2799 679 2845 fine
703 2797 868 2844 ultimo
893 2796 1043 2852 habet,
1080 2797 1167 2844 hoc
1193 2797 1277 2844 tale
1301 2811 1491 2859 regnans
1514 2795 1611 2850 est;
1659 2796 1709 2844 ὅτ
1743 2797 1830 2844 hoc
1861 2797 1973 2844 inest
2006 2799 2216 2844 omnium
2252 2797 2447 2858 singula-

478 2864 657 2914 riffimis
678 2862 769 2925 ejus
794 2862 1038 2909 voluntatis
1061 2864 1111 2910 &
1133 2864 1419 2924 cogitationis
1444 2883 1458 2917 ς
1504 2862 1741 2925 quodnam
1768 2863 1821 2910 fit
1844 2862 1970 2925 quod
2005 2861 2310 2909 universaliter
2343 2878 2447 2925 reg-

479 2943 572 2987 nat,
607 2930 702 2976 sciri
727 2927 874 2991 potest
895 2944 918 2974 a
937 2927 1136 2990 jucundo
1153 2929 1338 2992 quando
1358 2928 1566 2984 succedit,
1604 2929 1653 2989 δε
1676 2944 1702 2974 a
1725 2928 1961 2975 dolorifico
1983 2928 2168 2989 quando
2191 2943 2280 2974 non
2306 2927 2451 2978 succe-

478 2997 564 3045 dit.
633 2994 744 3041 Hoc
781 2993 907 3056 quod
947 2995 1256 3041 universaliter
1295 3004 1447 3057 regnat
1479 2993 1603 3056 apud
1643 2992 1898 3049 hominem,
1950 2993 2052 3040 facit
2075 2992 2326 3054 imaginem
2350 2994 2444 3057 ejus

480 3063 679 3125 spiritus,
715 3059 846 3106 facies
869 3058 964 3120 ejus
988 3059 1050 3105 est
1074 3060 1246 3122 prorsus
1274 3059 1521 3119 secundum
1545 3058 1657 3105 illud
1677 3079 1692 3112 ;
1739 3059 1770 3104 fi
1794 3074 1985 3122 regnans
2009 3057 2072 3104 est
2096 3060 2269 3107 malum
2296 3060 2346 3106 «Sc
2368 3059 2449 3107 fal·
2486 3101 2491 3107 .

480 3129 598 3185 sum,
634 3125 697 3173 est
715 3125 859 3173 forma
875 3122 969 3185 ejus
990 3126 1179 3188 Spiritus
1197 3125 1417 3172 diabolica
1437 3146 1451 3178 ς
1489 3124 1520 3171 fi
1536 3135 1687 3171 autem
1710 3138 1898 3186 regnans
1917 3124 1980 3172 est
1997 3124 2174 3171 bonum
2193 3118 2242 3173 ’δε
2266 3140 2451 3183 verum,

478 3194 542 3246 est
567 3192 714 3242 forma
735 3191 973 3256 angelica3
1026 3206 1131 3239 nam
1156 3189 1337 3257 spiritus
1361 3191 1406 3239 in
1428 3189 1469 3239 se
1494 3187 1712 3263 spestatus
1733 3190 1798 3239 est
1818 3189 2002 3241 affeffio
2025 3191 2072 3239 in
2098 3189 2265 3249 forma,
2301 3190 2465 3306 {effigi-f-¹

2327 3272 2350 3306 e
2401 3270 2448 3305 ιο

2893 1876 2901 1898 ,υ

2880 2756 2882 2758 ”
2893 2735 2895 2738 -
2895 2716 2898 2720 >
2887 2605 2905 2683 ...go-42>
2880 2472 2906 2581 vaih-‚o-
2901 2396 2905 2406 κ
