2912 3770
378 177 424 264 .'
462 122 1528 253 CAPUT-’DECIMUM
1574 164 2193 267 QUINTUM.
2273 177 2406 263 ,τε

406 317 581 360 xvnt:
614 328 690 362 ιο.
710 326 797 372 14.
826 309 926 376 19?
973 310 1207 370 Divinum
1247 310 1375 376 quod
1415 309 1462 358 in
1498 309 1629 358 coelis
1665 307 1730 356 est
1762 309 1942 357 Bonum
1980 310 2106 373 quod
2146 310 2193 357 in
2225 310 2407 359 Divino

403 377 533 424 Vero
556 378 685 442 quod
711 380 918 442 procedit
941 394 968 426 a
993 378 1226 434 Domino,
1249 391 1299 425 at
1321 376 1550 425 Divinum
1573 376 1701 440 supra
1725 376 1870 424 coelos
1894 375 1959 422 est
1983 376 2134 438 Ipsum
2163 377 2396 426 Divinum

402 442 619 493 Bonum:
655 460 736 508 per
769 445 925 492 locum
965 442 1170 492 habitare
1191 444 1284 500 Te,
1321 440 1600 507 fignificatur
1622 442 1818 499 coelum,
1854 442 1938 489 ubi
1962 442 2192 490 Divinum
2218 445 2396 493 Verum

403 511 654 572 procedens
692 526 718 557 a
754 511 981 567 Domino,
1032 526 1148 558 nam
1188 509 1279 570 hoc
1302 509 1411 557 facit
1450 510 1642 556 coel'um.
1714 508 1972 572 Qomodo
2008 510 2052 556 le
2091 507 2244 566 habet,
2283 525 2396 568 cum

401 575 582 623 Divino
607 577 731 624 Vero
766 577 893 639 quod
933 577 1143 640 procedit
1165 591 1190 622 a
1213 576 1440 632 Domino,
1473 575 1602 639 quod
1634 575 1690 622 fit
1729 574 1775 621 in
1808 574 1934 626 coelo
1954 574 2148 630 bonum,
2187 575 2394 623 illustrari

400 641 551 704 potest
571 658 652 705 per
668 641 1059 705 comparationem
1081 656 1190 696 cum
1215 641 1323 698 sole,
1346 642 1397 689 δε
1420 657 1529 689 cum
1552 641 1651 688 luce
1673 656 1782 704 quae
1799 657 1826 688 a
1844 640 1936 688 sole
1956 661 1972 695 ·,
1996 640 2043 687 in
2066 639 2157 688 sole
2173 640 2238 687 est
2258 641 2394 705 ignis,

401 706 478 754 sed
496 723 527 754 a
550 706 640 755 sole
676 708 884 771 procedit
918 708 1016 764 lux,
1053 707 1152 754 haec
1187 708 1340 756 luxvin
1365 707 1410 754 se
1434 707 1571 754 habet
1607 707 1825 764 calorem,
1856 721 1914 753 ex
1949 721 2046 770 quo
2080 706 2395 768 germinantur

401 772 543 829 horti,
577 774 628 821 ὅτ.
660 774 778 822 fiunt
813 774 923 821 ficut
958 772 1186 836 paradis13
1223 772 1316 836 ipse
1350 773 1474 835 ignis
1508 772 1611 820 solis
1650 787 1742 819 non
1776 772 1928 820 transit
1950 772 2007 819 ad
2031 773 2252 829 tellurem,
2284 789 2392 821 nam

401 837 479 886 ille
500 848 708 887 exureret
730 839 781 886 &
804 838 1088 888 consumeret
1120 839 1301 898 omnia,
1356 839 1431 888 sed
1456 839 1539 887 lux
1561 838 1608 886 in
1631 854 1723 903 qua
1746 838 1868 886 calor
1898 838 1956 885 ab
1987 838 2095 899 igne
2125 839 2228 887 solis
2248 860 2265 894 ς
2310 840 2394 888 lux

394 904 479 952 'illa
502 905 552 952 in
573 904 794 968 spirituali
820 904 946 952 sensu
969 905 1032 953 est
1060 904 1288 954 Divinum
1311 906 1513 963 Verum,
1564 905 1688 957 calor
1711 903 1775 951 est
1803 905 1980 953 bonum
2005 903 2050 950 in
2073 904 2197 954 Vero
2218 920 2276 953 ex
2299 905 2391 954 Di-

399 970 515 1018 vino
537 970 688 1028 Bono,
724 971 774 1018 &
801 971 1154 1034 paradisus‘inde
1174 970 1239 1019 est
1260 972 1451 1020 coelum.
1891 976 1894 977 ’
2252 1013 2258 1018 .

474 1039 620 1100 8329.
657 1037 886 1099 Operatus
908 1051 955 1084 es
971 1035 1208 1100 Jehovah,
1242 1038 1371 1101 quod
1391 1036 1619 1099 fignificet
1639 1036 1767 1101 quod
1790 1053 1815 1084 a
1839 1036 2053 1085 Domino
2074 1036 2186 1094 solo,
2219 1037 2393 1087 constat

399 1117 460 1150 ex
485 1101 809 1165 significatione
842 1104 1040 1166 operari,
1088 1119 1196 1151 cum
1234 1105 1294 1151 de
1330 1105 1667 1166 regeneratione
1690 1105 1740 1152 ὅτ,
1762 1103 1822 1150 de
1844 1104 1984 1160 coelo,
2018 1104 2148 1165 quod
2169 1103 2223 1152 fit
2244 1121 2272 1153 a
2294 1105 2393 1154 Do*

403 1170 534 1216 mino
559 1168 670 1226 solo,
707 1184 812 1216 nam
838 1184 975 1216 omne
999 1170 1364 1230 regenerationis,
1398 1171 1450 1219 ὅτ
1472 1185 1612 1217 omne
1633 1169 1743 1217 coeli
1762 1169 1874 1216 esta
1898 1170 2122 1219 Domine.

472 1238 619 1298 8330.
658 1235 992 1291 SanCtuarium,
1028 1235 1251 1292 Domine,
1302 1248 1612 1300 praepararunt
1648 1251 1809 1284 manus
1846 1248 1954 1292 tuae,
2002 1235 2129 1298 quod
2164 1236 2393 1298 fignificet

316 1351 318 1353 ,
398 1301 576 1363 ,eoelum
602 1300 681 1348 ubi
707 1300 773 1349 illi
798 1303 878 1364 qui
904 1301 949 1348 in
974 1316 1087 1349 vero
1109 1302 1216 1349 fidei
1240 1317 1266 1349 a
1288 1302 1517 1359 Domino,
1551 1301 1729 1349 constat
1746 1317 1805 1356 ex
1828 1302 2155 1363 significatione
2177 1303 2392 1352 Sane‘tua-

405 1367 480 1423 rit,
515 1367 644 1430 quod
678 1367 732 1414 fit
761 1369 937 1414 coelum
973 1367 1054 1414 ubi
1085 1383 1246 1415 verum
1281 1368 1408 1425 fidei,
1442 1368 1502 1416 de
1524 1384 1617 1432 qua
1641 1367 1872 1430 sequitur;
1907 1368 1958 1416 ὅτ,
1981 1383 2039 1414 ex
2061 1367 2392 1431 significatione

406 1445 726 1497 praepararunt
767 1448 926 1481 manus
966 1443 1076 1490 tuae,
1126 1433 1258 1498 quod
1291 1435 1349 1483 fit
1376 1435 1504 1496 quod
1528 1450 1554 1482 a
1579 1434 1823 1483 Domino:
1874 1434 2003 1498 quod
2034 1434 2092 1482 de
2126 1435 2394 1486 Sanstuario

402 1500 605 1554 dicatur,
639 1499 763 1563 quod
790 1512 1104 1563 ptaepararunt
1128 1515 1305 1558 manus,
1354 1500 1420 1549 est
1441 1500 1550 1564 quia
1574 1516 1738 1549 manus
1758 1500 2063 1564 praedicantur
2082 1500 2141 1547 de
2163 1501 2306 1559 Vero,
2339 1504 2393 1552 δε

405 1564 630 1627 fignificat
656 1566 910 1629 potentiam
933 1586 949 1620 3
995 1567 1123 1630 quod
1150 1581 1311 1615 manus
1332 1568 1642 1630 praedicentur
1663 1567 1722 1614 de
1743 1582 1877 1623 vero,
1920 1567 2130 1616 'videatur
2160 1584 2217 1615 n:
2242 1585 2391 1634 3091.

403 1634 594 1692 82833⁴
619 1631 667 1680 &
699 1630 826 1693 quod
859 1631 946 1679 smt
983 1633 1205 1695 potentia,
1249 1648 1308 1681 n:
1337 1636 1450 1698 878.
1477 1635 1622 1699 3387.
1647 1649 1771 1697 493¹
1801 1633 1860 1680 ad
1885 1647 2034 1698 4937.
2066 1649 2211 1696 5327·
2238 1639 2387 1698 5328.

407 1697 559 1761 692.
594 1699 741 1763 6947.
771 1711 914 1759 701¹.
943 1701 1088 1762 7188.
1123 1702 1269 1763 7¹89·
1305 1702 1450 1761 7518.
1486 1700 1632 1763 7673.
1674 1704 1820 1761 8050.
1861 1701 2006 1764 8069.
2041 1702 2187 1763 8153.
2225 1703 2388 1757 8281:

403 1762 611 1812 similiter
639 1776 702 1811 ¹ac
739 1762 1056 1820 sanctuarium,
1090 1769 1221 1829 quod
1256 1765 1346 1813 hoc
1383 1765 1751 1829 praediceturtde
1781 1765 1988 1822 Vero,<n
2008 1799 2020 1812 .
2050 1767 2076 1812 8
2083 1781 2178 1828 302
2204 1787 2220 1821 ·,
2254 1782 2392 1815 voces

402 1840 561 1881 autem
598 1846 706 1894 quae
746 1832 1040 1892 praecedunt,
1067 1844 1121 1878 ut
1150 1831 1278 1880 locus
1311 1830 1368 1879 ad
1400 1831 1599 1880 habitare
1621 1831 1714 1889 Te,
1748 1831 2044 1894 &operatus
2077 1846 2125 1879 es
2155 1831 2389 1893 Jehovah,

401 1895 708 1961 praedncantur
732 1899 790 1944 de
814 1899 952 1952 bono,
989 1911 1102 1961 quia
1122 1896 1378 1946 referuntur
1399 1897 1458 1946 ad
1480 1909 1693 1946 montem
1716 1896 2008 1955 haereditatis,
2041 1912 2124 1962 per
2144 1914 2282 1962 quem
2302 1900 2394 1962 fig-

406 1962 617 2011 0160300·
639 1962 815 2010 coelum
841 1961 886 2008 in
910 1979 1003 2026 quo
1026 1964 1202 2012 bonum
1227 1964 1465 2021 charitatis,
1499 1980 1529 2012 n
1549 1981 1561 2011 :
1586 1964 1715 2028 8327
1736 1983 1752 2018 ς
1795 1963 1925 2029 quod
1947 1973 2083 2012 voces
2103 1965 2188 2014 fint
2210 1981 2319 2030 quae
2343 1967 2392 2014 in

406 2026 566 2075 Verbo
598 2027 908 2091 praedicantur
930 2029 988 2075 de
1012 2030 1153 2086 bono,
1206 2031 1256 2078 &
1292 2045 1426 2076 voces
1459 2045 1564 2095 quae
1592 2029 1898 2094 praedicantur
1917 2029 1976 2078 de
1997 2030 2135 2079 Vero,
2183 2031 2391 2083 videatur

403 2108 466 2141 n:
491 2100 641 2157 8314.
710 2094 838 2155 Qid
862 2096 1040 2143 coelum
1065 2093 1108 2142 in
1135 2111 1230 2159 quo
1254 2097 1431 2145 bonum
1453 2095 1702 2153 charitatis,
1735 2097 1862 2161 quod
1894 2111 1994 2160 per,
2010 2109 2216 2144 montem
2249 2097 2392 2148 haere·

401 2159 554 2208 ditatis
580 2159 874 2223 significatur,
895 2161 962 2224 ¹&
975 2163 1089 2226 quid
1107 2162 1278 2210 coelum
1298 2163 1344 2209 in
1361 2178 1457 2226 quo
1478 2178 1642 2210 verum
1659 2162 1788 2219 fidei,
1803 2181 1807 2185 ·
1821 2162 1951 2226 quod
1975 2161 2041 2209 est
2063 2162 2390 2223 sanctuarium,

333 2252 337 2257 ·
403 2226 558 2290 paucis
579 2225 783 2280 dicetur,
818 2226 1006 2275 Coelum
1031 2228 1078 2275 in
1101 2243 1199 2290 quo
1225 2230 1402 2276 bonum
1426 2229 1690 2287 charitatis,
1737 2228 1802 2276 est
1826 2229 1870 2276 in
1894 2244 1994 2293 quo
2018 2230 2266 2287 interiores,
2300 2232 2386 2294 qui

399 2308 428 2340 a
449 2292 620 2353 Regno
643 2292 857 2354 spirituali
875 2294 1075 2341 Domini
1095 2295 1209 2351 sunt,
1247 2295 1296 2342 &
1316 2297 1488 2342 coelum
1508 2295 1551 2342 in
1571 2311 1667 2360 quo
1684 2310 1843 2343 verum
1863 2294 1988 2350 fidei,
2022 2294 2083 2342 est
2102 2297 2148 2343 in
2167 2312 2264 2360 quo
2283 2297 2386 2346 sunt

400 2358 651 2406 exteriores
675 2357 757 2422 qui
788 2359 846 2407 ab
875 2359 956 2407 illo
987 2361 1191 2424 Regno·,
1225 2363 1307 2424 qui
1331 2361 1565 2409 interiores
1588 2362 1710 2418 sunt,
1748 2361 1810 2408 illi
1838 2362 1884 2408 in
1910 2361 2001 2425 ipsa
2023 2362 2238 2410 charitate
2262 2362 2383 2421 sunt,

399 2425 452 2473 δε
477 2424 583 2472 inde
606 2424 652 2471 in
678 2423 768 2473 fide
789 2445 804 2478 ;
852 2426 935 2488 qui
967 2440 1121 2474 autem
1159 2428 1418 2485 exteriores,
1470 2428 1574 2476 sunt
1594 2428 1675 2491 qui
1703 2428 1747 2473 in
1770 2428 1863 2475 fide
1887 2427 1959 2474 sed
1983 2428 2188 2476 nondum
2211 2428 2258 2476 in
2280 2430 2386 2478 cha-

318 2493 325 2504 '
400 2490 533 2539 ritate
553 2510 568 2545 3
604 2490 652 2538 hi
677 2491 851 2539 bonum
870 2491 1039 2540 faciunt
1057 2509 1116 2540 ex
1131 2493 1405 2550 obedientia,
1442 2493 1504 2541 illi
1527 2507 1680 2541 autem
1700 2510 1757 2540 ex
1773 2492 2049 2548 affefiione3
2081 2509 2141 2542 ex
2157 2494 2226 2543 his
2242 2507 2387 2558 patet,

404 2556 519 2620 quid
540 2571 619 2617 per
636 2556 813 2605 coelu'm
836 2560 883 2603 in
907 2574 1004 2621 quo
1028 2560 1203 2606 bonum
1225 2558 1476 2617 charitatis,
1512 2561 1563 2607 ὅτ
1586 2576 1664 2623 per
1685 2561 1859 2606 coelum
1887 2561 1931 2606 in
1953 2575 2050 2620 quo
2075 2575 2231 2608 verum
2256 2560 2384 2620 fidei,

401 2621 688 2684 intelligitur.
759 2623 904 2682 Quod
943 2624 1258 2672 Sanstuar'wm
1292 2628 1470 2682 attinet,
1519 2623 1582 2671 est
1607 2626 1719 2671 illud
1744 2627 1789 2671 in
1815 2624 1938 2672 sensu
1976 2627 2186 2688 suptemo
2208 2627 2386 2676 Verum

403 2689 513 2736 fidei
538 2688 660 2752 quod
684 2703 709 2734 a
732 2687 960 2744 Domino,
992 2691 1058 2738 '&
1082 2690 1187 2738 inde
1211 2691 1257 2737 in
1283 2691 1407 2738 sensu
1432 2691 1793 2755 repraesentativo
1815 2691 1879 2738 est
1904 2690 2124 2752 Regnum
2160 2692 2385 2752 spirituale

404 2754 624 2810 Domini,
661 2766 760 2801 tum
779 2753 982 2802 'Ecclefia
1003 2754 1263 2818 spiritualis,
1299 2757 1474 2805 &inde
1492 2758 1636 2806 homo
1659 2771 1944 2818 regeneratus
1966 2757 2046 2820 qui
2072 2757 2136 2804 est
2155 2758 2352 2807 Ecclesia
2369 2780 2386 2815 ς

402 2819 558 2882 estque
573 2820 632 2868 fic
658 2820 703 2866 in
725 2818 847 2866 sensu
867 2821 924 2867 ab
940 2820 1027 2868 illis
1052 2823 1290 2878 abstrafito,
1314 2823 1491 2871 Verum
1511 2823 1637 2880 fidei,
1674 2824 1737 2870 ita
1760 2823 1851 2885 ipsa
1874 2823 2004 2879 fides,
2040 2823 2153 2887 quid
2178 2825 2383 2873 sanctum

403 2885 614 2934 videatur
648 2883 777 2948 supra
805 2901 866 2948 ης
895 2889 1021 2950 8302
1044 2903 1056 2933 ε
1105 2888 1212 2936 inde
1242 2905 1362 2936 nunc
1391 2890 1474 2944 est,
1524 2889 1651 2952 quod
1676 2890 1847 2936 coelum
1871 2905 1896 2935 a
1921 2890 2044 2936 Vero
2069 2889 2175 2936 fidei
2207 2892 2334 2954 quod
2357 2907 2386 2940 a.

335 2978 343 2994 .
406 2950 622 3000 Domino
646 2952 1180 3015 :dicatur-Sanetuarium
1203 2975 1218 3008 3
1265 2968 1315 3001 ut
1349 2955 1474 3018 apud
1498 2954 1732 3002 Davidem
1768 2965 1800 2985 “
1824 2954 2114 3017 Respondeat
2136 2956 2217 3004 tibi
2243 2956 2387 3016 jeho-
2450 2958 2453 2964 '

408 3017 516 3071 vah,
553 3016 598 3063 in
622 3017 697 3069 die
719 3018 957 3081 angustiae,
1008 3024 1155 3068 mittat
1179 3020 1387 3068 auxilium
1410 3021 1488 3068 tibi
1512 3037 1534 3067 e
1554 3022 1824 3076 Sanetuario,
1859 3021 1909 3068 &
1930 3036 1990 3067 ex
2015 3022 2148 3070 Sione
2173 3021 2388 3074 sustentet

404 3082 502 3133 te”
528 3080 705 3130 Psalm:
730 3098 793 3129 xx
810 3083 893 3134 212.
919 3103 968 3147 3,
1023 3085 1322 3134 sanemarium
1347 3087 1410 3133 ibi
1437 3103 1521 3150 pro
1541 3089 1663 3134 coelo
1686 3087 1763 3133 ubi
1787 3102 1947 3134 verum
1971 3086 2095 3144 fidei,
2147 3087 2268 3134 Zion
2302 3104 2388 3151 pto

399 3148 565 3219 neele:
590 3148 674 3198 -ubi
710 3149 889 3219 bonum
924 3166 1108 3204 amoris.
1177 3154 1321 3220 Apud
1347 3152 1565 3266 {sudem
1598 3162 1632 3221 ξξ
1650 3152 1878 3201 Viderunt
1901 3153 2070 3216 gteffus
2094 3166 2208 3209 tuos,
2250 3154 2392 3267 Dfrus,

1299 3236 1334 3278 4
2215 3235 2294 3282 gre
2335 3235 2389 3270 us
