2912 3770
481 148 879 238 CAPUT
931 120 1523 230 DECIMUM
1572 153 2223 244 QU-ARTUM.
2284 182 2416 242 521

422 298 661 349 ardescunt
682 296 832 344 adhuc
855 292 1001 356 magis
1024 303 1183 341 contra
1205 291 1326 348 illos,
1360 290 1412 339 &
1433 290 1584 338 adhuc
1614 289 1760 353 magis
1774 303 1925 339 contra
1961 289 2118 354 Ipsum
2160 293 2413 353 Divinum,

419 381 529 413 nam
559 365 647 411 hoc
670 363 878 412 maximo
899 360 1012 411 odio
1034 359 1217 416 babent,
1251 357 1333 422 qui
1349 359 1460 405 odio
1480 357 1647 406 habent
1664 357 1859 414 bonum,
1892 357 2002 405 odio
2020 360 2222 417 maxime
2241 360 2412 410 habent

383 440 385 442 ’
422 431 700 485 Divinum,
756 429 863 476 inde
890 427 1080 482 irruunt,
1115 427 1167 474 δε
1198 437 1421 488 quantum
1452 424 1642 480 irruunt,
1696 436 1876 471 tantum
1898 441 1956 472 ex
1978 423 2083 485 lege
2106 425 2278 473 ordinis
2302 443 2412 475 con-

411 494 580 558 jiciunt
615 496 757 545 semet
791 494 837 541 in
872 493 1146 557 punitioneS,
1180 491 1470 546 vastationes,
1514 492 1876 548 damnationem,
1922 491 1974 540 δε
1998 490 2180 540 tandem
2201 494 2245 539 in
2271 492 2409 541 infer-

419 580 569 618 num3
603 579 660 611 ex
680 556 754 610 vhis
775 559 974 609 constare
999 558 1166 622 potest,
1202 557 1331 620 quod
1355 557 1606 613 Divinum,
1661 556 1748 603 hoc
1769 557 1851 614 est,
1898 557 2148 615 Dominus,
2185 556 2299 607 nihil
2323 562 2407 610 nisi

418 630 595 677 bonum
638 629 788 683 faciat,
838 641 889 674 ac
928 624 1041 671 nulli
1055 654 1070 685 ,⁷
1083 624 1281 680 malum,
1340 623 1412 670 sed
1448 624 1572 686 quod
1597 622 1678 686 ipfi
1703 623 1783 686 qui
1811 623 1855 669 in
1881 624 2006 672 malo
2030 625 2131 672 sunt
2154 622 2196 671 se
2220 627 2265 674 in
2302 628 2407 674 talia

417 695 658 757 conjiciant
681 712 694 743 ε
746 694 847 740 haec
882 691 986 738 sunt
1024 705 1132 755 quae
1167 688 1480 750 significantur
1504 704 1582 752 per
1602 690 1730 752 quod
1756 689 1971 753 AEgyptii
1997 689 2197 753 fugerint
2217 693 2406 741 obviam

368 769 381 772 “
421 762 554 818 mari,
607 761 696 808 hoc
732 759 815 814 est,
865 757 990 822 quod
1017 755 1108 819 ipse
1132 754 1310 803 se÷falfis
1332 771 1391 802 ex
1416 755 1540 803 rnalo
1579 756 1896 803 immerserint.
1967 757 2110 816 Quod
2152 757 2268 805 hanc
2305 776 2402 808 rem

419 826 680 881 concernit,
705 825 892 873 ulterius
913 823 1084 886 aliquid
1109 821 1318 875 dicetur·,
1353 821 1550 870 creditur
1574 823 1711 868 etiam
1734 822 1861 885 quod
1884 837 1942 870 ex
1969 822 2148 870 Divino
2173 825 2309 883 mala,
2344 842 2403 875 ex

415 910 492 951 eo,
530 895 638 958 quia
657 891 882 940 Divinum
903 889 1145 953 permittit,
1181 889 1229 936 δε
1247 904 1339 935 non
1356 887 1514 944 aufert,
1540 888 1590 935 ὅτ
1607 887 1687 952 qui
1705 888 1928 950 permittit
1945 890 1995 935 δε
2013 906 2102 937 non
2121 891 2399 942 auferticum

415 960 583 1023 potest,
601 957 918 1023 apparet‘ficut
933 955 1056 1020 quod
1074 954 1202 1011 velit,
1222 955 1272 1002 ὅτ
1290 955 1347 1002 fic
1365 954 1495 1018 quod
1514 954 1559 1000 in
1576 954 1706 1002 causa
1723 953 1776 1001 fit
1793 975 1807 1009 ;
1826 953 1897 1002 sed
1916 955 2145 1004 Divinum
2161 959 2402 1020 permittit,

416 1026 525 1087 quia
543 1032 634 1073 non
655 1025 857 1072 inhibere
875 1020 1144 1073 necaufer're
1162 1019 1305 1084 potest
1321 1040 1336 1074 ι
1361 1019 1591 1068 Divinum
1608 1021 1732 1067 enim
1748 1034 1840 1074 non
1857 1020 1960 1068 vult
1974 1021 2260 1080 nifibonum,
2275 1026 2307 1072 fi
2323 1026 2403 1073 ita-

415 1108 507 1155 que
525 1092 746 1140 inhibetur
769 1091 819 1150 δι
842 1083 1034 1136 auferret
1058 1086 1190 1142 mala,
1210 1101 1376 1150 nempe
1400 1086 1717 1150 punitionum,
1740 1086 2056 1144 vastationum,
2092 1089 2404 1154 persequutio-

416 1175 549 1215 num,
566 1160 885 1212 tentationum,
900 1155 949 1202 δε
967 1152 1412 1210 fimilia,tuncvellet
1426 1152 1617 1209 malum,
1634 1167 1737 1203 nam
1754 1165 1861 1205 tunc
1877 1168 1967 1201 non
1981 1154 2045 1201 illi
2063 1156 2237 1218 poffent
2249 1174 2403 1205 ernen-

415 1224 527 1282 dari‚
557 1240 608 1271 ac
633 1238 738 1273 tunc
758 1221 934 1270 malum
958 1222 1287 1269 incrementum
1311 1231 1503 1283 caperet,
1537 1218 1811 1283 usquedum
1829 1219 2141 1273 dominaretur
2165 1222 2296 1286 super
2319 1226 2401 1272 bo·

413 1306 528 1338 num
547 1308 557 1337 ε
585 1291 625 1339 se
640 1291 771 1338 habet
787 1289 874 1336 hoc
887 1287 999 1334 ficut
1012 1301 1118 1333 cum
1133 1286 1283 1349 Rege,
1302 1287 1378 1349 qui
1395 1285 1586 1333 absolvit
1602 1285 1765 1342 sontes,
1791 1285 1826 1332 is
1842 1285 1884 1332 in
1901 1287 2028 1346 causa
2041 1288 2105 1334 est
2120 1291 2226 1335 mali
2240 1291 2297 1338 ab
2310 1291 2401 1340 illis

413 1357 570 1420 postea
603 1358 648 1404 in
668 1366 844 1419 regno,
879 1354 929 1401 ὅτ
954 1367 1139 1417 quoque
1164 1352 1211 1399 in
1233 1351 1364 1399 causa
1401 1351 1528 1416 quod
1565 1350 1744 1407 licentia
1764 1350 1885 1407 ,inde
1916 1353 2030 1411 aliis,
2084 1368 2249 1418 praeter
2271 1360 2398 1420 quod

391 1470 394 1471 γ
415 1423 562 1471 malus
601 1423 956 1471 conformaretur
993 1420 1038 1465 in
1076 1418 1233 1472 malo;
1319 1433 1422 1465 uare
1445 1418 1548 1465 Rex
1564 1415 1710 1480 justus
1730 1418 1782 1466 δι’
1803 1418 1967 1476 bonus,
2012 1423 2190 1470 tametfi
2228 1422 2402 1474 auferre

414 1489 564 1551 potest
595 1489 876 1554 punitiones,
928 1483 1071 1549 usque
1095 1499 1187 1532 non
1215 1499 1275 1547 po
1297 1484 1378 1541 est,
1428 1499 1535 1532 narn
1560 1484 1619 1532 fic
1641 1500 1733 1531 non
1757 1485 1931 1533 bonurn
1956 1485 2030 1533 sed
2055 1487 2230 1537 malum
2254 1488 2361 1538 facit
2384 1512 2400 1545 ς

412 1553 645 1603 sciendum
681 1554 811 1620 quod
851 1567 1013 1600 omnes
1052 1549 1332 1616 punitiones,
1363 1562 1482 1602 sum
1507 1551 1797 1617 tentationeS,
1850 1551 1896 1600 in
1919 1552 2058 1604 altera
2081 1557 2174 1603 vita
2196 1572 2283 1621 pro
2305 1557 2400 1605 fine

413 1621 610 1671 habeant
633 1625 823 1670 bonum.
875 1652 880 1653 ν
1290 1661 1293 1663 -
1355 1664 1358 1666 .
1556 1659 1561 1669 .
1841 1666 1845 1669 .
2061 1669 2066 1675 .
2223 1657 2228 1674 1
2407 1624 2411 1628 ’

479 1682 623 1738 8228.
668 1688 733 1736 Et
769 1687 957 1737 excuffit
993 1685 1204 1747 Jehovah
1234 1684 1482 1750 AEg'yptios
1506 1685 1551 1734 in
1577 1685 1786 1736 medium
1824 1702 1962 1746 mare,
2012 1687 2140 1751 quod
2175 1689 2399 1753 fignificet

414 1755 542 1818 quod
568 1755 625 1803 fic
651 1753 734 1820 ipsi
756 1753 1026 1816 conjecerint
1049 1752 1091 1801 se
1116 1754 1162 1804 in
1188 1752 1435 1810 infernum,
1486 1752 1695 1801 ubi,falsa
1717 1769 1776 1801 ex
1802 1755 1942 1811 malo,
1980 1754 2157 1811 constat
2177 1771 2237 1804 ex
2259 1757 2398 1819 figni-

411 1823 621 1868 ficatione
644 1833 851 1868 excutere
874 1821 920 1866 in
949 1835 1094 1875 mare,
1129 1821 1256 1883 quod
1281 1818 1335 1869 fit
1357 1816 1579 1882 conjicere
1604 1820 1650 1867 in
1675 1818 1778 1867 falsa
1800 1835 1858 1867 ex
1885 1821 2021 1878 malo,
2067 1837 2175 1870 nam
2199 1823 2303 1870 falsa
2323 1823 2396 1871 illa

411 1903 492 1950 per
525 1897 661 1951 aquas
702 1887 828 1934 istius
869 1886 1004 1933 maris
1044 1885 1372 1947 significantur,
1425 1901 1484 1931 n:
1513 1885 1657 1946 6346.
1685 1886 1829 1951 7306.
1858 1891 2002 1951 8137.
2029 1890 2173 1950 8138.
2248 1890 2394 1955 Qod

408 1954 542 2008 rnala,
577 1969 685 2018 quae
708 1954 751 1999 in
776 1953 918 1999 Verbi
943 1951 1068 2000 se‘niu
1096 1952 1239 2001 literae
1263 1952 1521 2004 tribuuntur
1550 1952 1766 2014 Jehovae,
1801 1952 1891 2005 hoc
1911 1954 1993 2010 est,
2042 1953 2271 2011 Domino,
2309 1955 2396 2004 sint
2422 2006 2428 2011 ,

408 2021 466 2066 ab
488 2019 591 2083 ipsis
612 2018 692 2081 qui
718 2019 763 2065 in
790 2018 912 2065 malo
936 2015 1056 2076 sunt,
1091 2018 1142 2066 &
1168 2017 1280 2068 nihil
1305 2033 1331 2069 a
1355 2017 1582 2084 Domino,
1624 2019 1675 2066 &
1697 2018 1825 2082 quod
1850 2019 2062 2067 Verbum
2088 2021 2133 2068 in
2161 2020 2286 2068 sensu
2312 2021 2393 2070 suo

408 2081 590 2132 interno
629 2086 690 2131 ita
730 2084 1076 2147 intelligendum
1099 2083 1170 2140 fit,
1218 2081 1426 2131 videatur
1449 2099 1476 2129 n
1498 2101 1511 2132 ε
1558 2097 1701 2148 2447.
1727 2086 1873 2147 6073.
1899 2087 2045 2150 6992.
2070 2086 2218 2150 6997.
2246 2103 2391 2152 7533.

412 2152 558 2218 7632.
586 2152 732 2214 7643.
758 2152 903 2215 7679.
933 2165 1077 2212 77¹0·
1105 2152 1250 2212 7877.
1278 2150 1422 2214 7926.
1449 2152 1596 2226 8222.
1969 2199 1971 2205 ,
2197 2220 2205 2227 .

478 2223 624 2280 8229.
681 2216 742 2263 Et
767 2215 958 2263 reversae
993 2215 1092 2263 suut
1128 2231 1278 2278 aquae,
1312 2215 1438 2278 quod
1466 2215 1688 2278 fignificet
1712 2217 1933 2282 relapsum
1959 2218 2168 2268 falsorum
2193 2237 2239 2268 in
2264 2220 2388 2277 illos,

408 2283 585 2332 constat
607 2299 664 2330 ex
687 2282 775 2330 illis
798 2298 907 2346 quae
931 2281 1058 2346 supra
1082 2298 1110 2328 n
1132 2299 1142 2328 :
1180 2285 1325 2344 8223.
1352 2282 1500 2338 8226,
1536 2284 1756 2346 explicata
1780 2286 1896 2332 sunt.
2398 2303 2402 2305 “

476 2353 534 2398 82
544 2366 621 2412 30.
665 2348 734 2410 *Et
758 2349 1032 2397 obtexerunt
1054 2363 1205 2399 currus
1228 2348 1277 2394 δι
1303 2347 1498 2413 equites,
1549 2350 1599 2396 &
1621 2365 1811 2398 omnem
1849 2352 2099 2400 exercitum
2124 2352 2385 2412 Pharaonis,

404 2417 533 2480 quod
573 2415 794 2479 significet
830 2414 960 2479 quod
994 2413 1315 2469 absconderent
1355 2413 1465 2469 illos,
1498 2413 1603 2462 falsa
1639 2418 1730 2472 sua,
1780 2417 1953 2464 constat
1977 2434 2035 2465 ex
2059 2418 2386 2480 significatione

395 2486 636 2545 obtegere,
673 2481 798 2544 quod
819 2480 870 2528 fit
892 2481 1070 2544 operire
1094 2481 1143 2529 ὅτ
1168 2480 1224 2527 fic
1246 2478 1516 2527 abscondere
1538 2502 1551 2535 ;
1586 2483 1636 2529 &
1660 2498 1717 2528 ex
1739 2484 2070 2546 significatione
2088 2501 2308 2534 curruum
2334 2488 2384 2534 δε

400 2547 894 2613 equitumJPharaonis‚
929 2547 1053 2611 quod
1074 2547 1158 2594 smt
1175 2546 1438 2600 doctrinalia
1460 2546 1571 2604 falfi,
1606 2549 1656 2596 &
1676 2549 1923 2605 ratiocinia,
1959 2552 2385 2611 pugnantia‘contra

404 2629 507 2661 vera
529 2615 580 2662 &
602 2615 738 2670 bona,
778 2612 822 2659 in
845 2627 1009 2674 genere
1033 2613 1124 2677 ipsa
1149 2610 1251 2659 falsa
1272 2629 1330 2660 ex
1356 2612 1509 2668 malo;
1546 2615 1673 2678 quod
1696 2631 1853 2662 currus
1876 2616 1961 2663 sint
1983 2617 2246 2666 doctrinalia
2271 2618 2385 2675 falsi,

402 2681 453 2728 &
475 2680 652 2744 equites
675 2679 908 2727 ratiocinia
931 2694 988 2726 ex
1013 2678 1304 2726 intellectuali
1342 2679 1572 2741 perverso,
1624 2681 1831 2729 videatur
1853 2697 1883 2727 n
1907 2699 1916 2727 :
1961 2687 1983 2730 8
1998 2683 2103 2742 146.
2131 2688 2257 2746 8148
2281 2706 2295 2740 ς
2331 2686 2383 2732 δε

402 2747 528 2812 quod
554 2747 637 2794 fint
661 2744 909 2808 pugnantia
929 2759 1083 2793 contra
1108 2760 1210 2791 vera
1234 2746 1283 2792 δε
1306 2745 1441 2801 bona,
1478 2762 1507 2792 n
1529 2763 1539 2792 z
1568 2748 1711 2808 8215.
2120 2788 2133 2792 .,
2159 2803 2162 2805 ,

440 2807 442 2810 ’
471 2814 613 2874 82321.
651 2812 900 2858 Venientes
924 2810 1022 2873 post
1042 2811 1142 2859 illos
1165 2812 1210 2858 in
1236 2826 1377 2868 mare,
1413 2812 1542 2875 quod
1565 2812 1789 2875 significet
1809 2812 1935 2876 quod
1958 2828 2235 2878 occuparent
2261 2817 2377 2874 illos,

399 2877 574 2926 constat
596 2894 655 2926 ex
679 2876 1006 2940 significatione
1040 2878 1195 2933 venire
1225 2877 1325 2940 post
1357 2878 1479 2934 illos,
1513 2893 1620 2924 cum
1657 2878 1826 2928 dicitur
1859 2879 1918 2926 de
1953 2882 2082 2944 aquis
2108 2883 2260 2940 maris,
2300 2899 2380 2948 per

360 2940 366 2956 ⁵
400 2959 508 3008 quas
531 2943 834 3006 significantur
855 2942 958 2990 falsa
981 2958 1037 2989 ex
1062 2943 1201 2998 malo,
1252 2943 1380 3007 quod
1406 2943 1458 2990 lit
1480 2959 1716 3007 occupare.
2161 2997 2164 2999 ,

469 3011 613 3070 8232.
651 3009 766 3056 Non
790 3009 969 3056 relictus
999 3008 1062 3055 est
1095 3009 1140 3055 in
1174 3008 1426 3073 illis-usque
1448 3009 1505 3056 ad
1531 3026 1695 3067 unum,
1746 3010 1871 3075 quod
1894 3012 2116 3073 significet
2139 3029 2299 3062 omnes
2324 3017 2374 3062 85

398 3075 615 3136 singulm,
651 3074 820 3120 constat
842 3077 1006 3138 abique
1031 3075 1347 3138 explicatione.
1417 3076 1471 3123 In
1492 3075 1579 3124 hoc
1599 3077 1739 3124 Versu
1757 3078 1908 3130 aetum
1927 3079 1990 3125 est
2007 3080 2065 3126 de
2087 3081 2376 3128 immersione

399 3141 477 3188 seu
499 3138 784 3201 conjectione
809 3139 1010 3199 illorum,
1047 3143 1126 3205 qui
1146 3143 1189 3188 in
1210 3141 1324 3188 falsis
1343 3157 1400 3190 ex
1421 3142 1540 3188 malo
1564 3140 1766 3200 fuerunt,
1804 3144 1848 3191 in
1872 3144 2098 3192 infernum
2120 3167 2132 3200 ;
2170 3146 2240 3192 sed
2266 3148 2377 3208 quid

397 3206 634 3262 immersio
656 3206 705 3252 δι
728 3202 951 3268 conjectio
976 3210 1020 3254 in
1046 3206 1288 3264 infernum,
1310 3208 1467 3320 [pauci
1495 3208 1652 3267 sciunt,
1703 3222 1864 3274 putant
1886 3212 2015 3275 quod
2040 3211 2092 3260 sit
2114 3210 2310 3274 dejectio
2336 3214 2382 3259 in

1387 3290 1416 3323 u
1442 3291 1471 3323 u
2148 3278 2383 3342 quendam
