2912 3770
834 250 1865 329 CAPUTPRIMU'M.
2264 290 2343 351 17

358 404 499 455 quam
537 402 643 451 quae
667 385 920 441 firmantur,
950 392 1234 446 quapropter
1262 381 1384 444 quot·
1407 394 1510 426 vera
1546 380 1783 427 firmantur
1815 391 1886 427 tot
1903 387 2172 446 ‘augentur3
2216 388 2346 450 quod

357 469 435 519 per
455 452 754 503 infestationes
778 452 1015 498 firmentur
1037 463 1158 500 vera,
1197 446 1402 494 videatu’r
1431 461 1541 493 mox
1565 445 1692 508 supra
1722 464 1790 494 Vn:
1813 443 1955 511 6663.

425 521 570 581 6605.
605 519 671 566 Et
699 515 877 564 fastidio
907 514 1053 561 affeffi
1088 524 1275 576 propter
1308 511 1427 557 filios
1456 510 1637 567 IsraeliS,
1682 511 1807 574 quod
1847 512 2068 575 significet
2107 516 2342 565 aversatio·

306 607 311 611 ·
358 602 464 634 nem
502 582 737 646 majorem,
786 579 956 627 constat
993 594 1050 626 ex
1091 575 1412 639 significatione
1463 575 1641 623 fastidio
1682 578 1814 633 affici,
1856 580 1981 640 quod
2021 581 2073 627 fit
2113 583 2340 641 aversatio,

337 642 431 699 *hic
461 649 672 697 aversatio
707 645 866 709 major,
913 645 1020 707 quia
1054 643 1201 690 adhuc
1241 643 1386 705 magis
1425 657 1506 704 per
1544 641 1798 690 affectiones
1837 644 2249 709 multiplicabantur
2293 652 2343 698 δε

352 715 640 779 augebantur.

424 781 565 828 6666.
600 779 665 827 Et
687 776 848 824 {ervire
880 775 1082 823 fecerunt
1093 772 1308 837 AEgyptii
1342 772 1460 821 filios
1490 771 1674 830 Israelis,
1708 772 1833 836 quod
1873 775 2094 838 fignificet
2130 777 2338 843 subjuga·
2388 779 2396 784 ’

354 848 488 896 tionis
510 845 822 899 intentionem,
856 841 1026 888 constat
1046 839 1443 902 exsignificatione
1467 839 1625 886 servire
1647 841 1806 895 facere,
1841 842 1968 903 quod
1992 843 2046 889 fit
2066 843 2336 909 subjugatio,

354 914 428 961 hic
466 908 792 974 subjugationis
823 906 1028 962 intentio,
1078 907 1183 968 quia
1230 906 1299 952 in.
1322 906 1540 952 continuo
1578 917 1740 951 conatu
1786 905 2053 969 subjugandi
2094 909 2212 966 sunt,
2263 911 2337 959 sed

354 977 576 1040 nusquam
611 987 769 1023 contra
802 972 947 1020 bonos
979 970 1256 1034 praevalent3
1290 985 1348 1017 ex
1378 970 1700 1033 significatione
1721 971 2070 1033 AEgyptiorum,
2104 977 2231 1039 quod
2255 977 2342 1026 fine

352 1042 595 1092 scientifica
616 1040 824 1103 separata,
859 1053 966 1100 quae
992 1048 1149 1084 contra
1169 1051 1275 1083 vera
1296 1035 1528 1092 Ecclesiae,
1562 1035 1622 1083 de
1641 1047 1733 1099 qua
1763 1053 1823 1083 n:
1851 1037 1973 1100 6651
1996 1061 2011 1094 ς
2047 1042 2096 1086 δε
2120 1057 2145 1087 a
2168 1041 2338 1105 fignifi-

354 1110 527 1163 catione
563 1106 763 1158 filiorum
795 1103 981 1159 Israelis,
1015 1101 1142 1166 quod
1171 1101 1268 1148 ⁴fint
1295 1101 1508 1156 Ecclesia,
1544 1100 1602 1148 de
1624 1117 1713 1164 qua
1736 1117 1793 1149 n:
1820 1102 1947 1167 6637
1967 1127 1983 1159 ·,
2017 1105 2179 1154 exinde
2200 1120 2340 1171 patet,

354 1174 482 1238 quod
506 1188 584 1236 per
606 1172 766 1219 servire
795 1168 996 1216 fecerunt
1007 1168 1222 1231 AEgyptii
1255 1166 1373 1214 filios
1396 1165 1577 1223 Israelis,
1611 1166 1889 1230 significetur
1918 1167 2240 1233 subjugationis
2268 1174 2339 1221 in·

353 1243 498 1295 tentio
519 1238 577 1286 ab
597 1238 683 1285 illis
698 1236 779 1299 qui
801 1234 966 1282 suntin
987 1233 1235 1281 scientificis
1250 1231 1453 1295 separatis
1474 1246 1581 1297 quae
1606 1245 1764 1279 contra
1786 1248 1890 1297 vera
1912 1235 2139 1285 Ecclefiae.
2192 1238 2339 1301 Qiod

357 1303 678 1368 subjugationis
709 1301 1004 1349 intentionem
1033 1300 1206 1354 attinet,
1240 1298 1382 1360 qualis
1403 1297 1459 1344 fit
1485 1297 1608 1360 apud
1632 1298 1773 1346 malos
1795 1300 1877 1362 qui
1898 1300 1955 1347 ab
1976 1299 2167 1359 inferno,
2202 1305 2341 1354 etiam

356 1372 469 1423 scire,
484 1370 645 1417 datum
669 1366 754 1419 est..
786 1367 884 1414 talis
906 1365 971 1412 est
993 1364 1079 1411 illis
1101 1364 1355 1412 conatus&
1376 1364 1566 1410 intentio
1592 1361 1862 1427 subjugandi
1880 1381 1955 1413 eos
1977 1369 2057 1430 qui
2079 1369 2125 1414 in
2148 1368 2270 1416 bono
2289 1371 2339 1418 δε

356 1453 466 1484 vero
492 1433 610 1491 sunt,
645 1444 697 1490 ut
730 1447 822 1480 non
852 1429 1039 1478 describi
1067 1441 1236 1492 queat·,
1270 1440 1461 1476 utuntur
1492 1429 1614 1475 enim
1648 1430 1784 1476 omni
1802 1431 1986 1488 malitia,
2007 1435 2147 1480 omni
2171 1434 2264 1483 astu
2289 1437 2343 1483 δε

355 1501 530 1557 fraude,
564 1499 694 1548 omni
730 1497 856 1554 dolo,
891 1497 941 1543 &
980 1496 1112 1543 omni
1139 1494 1415 1551 crudelitate,
1448 1509 1556 1556 quae
1578 1505 1699 1542 tanta
1718 1495 1770 1542 ὅτ
1791 1496 1894 1543 talia
1914 1496 2030 1554 suut,
2066 1511 2119 1546 ut
2139 1499 2171 1546 fi
2197 1500 2341 1548 modo

355 1566 507 1632 quoad
540 1565 736 1628 aliquam
769 1575 944 1627 partem
985 1571 1358 1617 memorarentur,
1406 1560 1486 1605 vix
1517 1560 1677 1623 aliquis
1695 1561 1755 1607 *in
1787 1562 1963 1610 mundo
1999 1565 2208 1626 potuiss‘et
2228 1581 2342 1615 cre.

355 1635 478 1746 ffere,
512 1644 607 1679 tam
645 1629 814 1677 astuosa
850 1629 899 1675 δε
935 1626 1164 1675 artificiosa
1201 1625 1319 1682 sunt,
1365 1626 1416 1673 δε
1450 1640 1634 1688 quoque
1667 1637 1760 1679 tam
1793 1625 2015 1687 nefanda;
2062 1629 2206 1677 verbo
2239 1631 2342 1680 talia

374 1711 478 1754 tunt,
525 1710 577 1744 ut
623 1709 910 1759 nequaquam
954 1692 1011 1740 ab
1052 1691 1146 1739 ullo
1181 1690 1385 1746 homine,
1435 1707 1491 1737 ne
1527 1691 1716 1754 quidem
1755 1690 1813 1738 ab
1850 1693 1959 1740 ullo'
1982 1694 2157 1757 angelo,
2207 1696 2341 1745 resisti

359 1774 542 1828 queant,
576 1761 698 1812 seda
719 1759 813 1809 solo
833 1759 1040 1807 Domino
1054 1776 1069 1805 2
1106 1755 1248 1814 causa,
1280 1755 1407 1820 quod
1435 1756 1534 1804 talis
1566 1756 1651 1804 inis
1682 1770 1870 1805 conatus
1892 1760 1942 1806 &
1965 1759 2154 1808 intentio
2174 1760 2245 1818 fit,
2279 1762 2345 1811 est

357 1830 466 1894 quia
493 1842 631 1875 omne
663 1823 921 1889 jucundum
962 1824 1088 1880 vitae,
1122 1824 1182 1870 ita
1204 1822 1296 1886 ipsa
1317 1822 1411 1870 vita
1431 1837 1607 1880 eorum,
1641 1824 1689 1869 in
1721 1823 1837 1870 male
1869 1823 2075 1873 faciendo
2113 1827 2341 1884 confistit3

358 1905 636 1958 quapropter
672 1891 783 1939 nihil
819 1890 942 1938 aliud
979 1890 1274 1952 cogitationes
1305 1903 1464 1936 eorum
1495 1900 1703 1952 occupat,
1736 1889 2055 1954 consequenter
2086 1893 2198 1940 nihil
2219 1893 2344 1942 aliud

359 1960 601 2013 intendunt
619 1979 635 2014 ;
651 2007 654 2010 ,
670 1956 844 2005 bonum
879 1953 1023 2003 facere
1056 1953 1233 2018 prorsus
1264 1970 1358 2002 non
1395 1953 1591 2017 pofl‘unt,
1637 1957 1744 2018 quia
1786 1970 2008 2018 repugnat
2024 1979 2042 2012 ο,
2099 1958 2132 2004 fi
2169 1958 2345 2007 bonum

358 2025 549 2082 faciunt,
582 2023 646 2071 est
678 2033 868 2086 propter
899 2020 957 2078 se,
992 2023 1053 2068 ita
1081 2019 1176 2068 fibi.
1245 2019 1322 2067 Ex
1343 2019 1507 2066 talibus
1529 2017 1700 2067 inferna
1731 2019 1864 2067 bodie
1896 2034 2118 2084 augentur
2147 2023 2345 2072 immen-

360 2091 478 2148 sum,
500 2091 561 2143 ,δε
581 2089 709 2153 quod
733 2089 922 2144 mirum,
956 2087 1182 2150 imprimis
1210 2084 1267 2132 ab
1294 2085 1380 2132 illis
1414 2086 1495 2148 qui
1527 2085 1642 2132 intra
1663 2085 1911 2133 Ecclesiam
1947 2087 2067 2144 funt,
2118 2089 2180 2136 ob
2212 2089 2347 2148 astus,

360 2157 508 2213 dolos,
543 2155 663 2211 odia,
698 2153 941 2208 vindictas,
974 2151 1204 2207 adulteria,
1238 2166 1345 2214 quae
1381 2150 1446 2197 ibi
1480 2151 1642 2214 vigent
1679 2151 1782 2214 plus
1820 2168 1958 2215 quam
1994 2154 2115 2211 alibi,
2152 2170 2256 2202 nam
2282 2156 2346 2203 ibi

364 2237 486 2269 nunc
507 2220 625 2271 astus
644 2235 731 2283 pro
752 2218 999 2283 ingenioso,
1031 2218 1082 2265 &
1106 2216 1320 2264 adulteria
1356 2231 1443 2279 pro
1473 2215 1659 2263 honesto
1690 2217 1924 2274 habentur,
1959 2234 2009 2267 ac
2032 2220 2233 2267 ridentur
2266 2222 2348 2284 qui

340 2288 490 2336 “aliter
520 2287 751 2340 sentiunt;
780 2285 886 2347 quia
923 2284 984 2330 ita
1020 2282 1154 2330 hodie
1191 2281 1258 2329 est
1288 2283 1403 2328 intra
1425 2282 1688 2338 Ecclefiam,
1723 2283 1942 2330 indicium
1977 2284 2056 2340 est,
2091 2286 2217 2347 quod
2238 2287 2347 2334 ulti-

276 2391 279 2396 ,
366 2369 497 2400 mum
536 2349 630 2414 ejus
663 2362 844 2412 tempus
878 2347 1025 2404 instet,
1060 2363 1165 2395 nam
1199 2353 1234 2375 “
1254 2347 1336 2394 nisi
1357 2346 1477 2404 finis,
1512 2347 1634 2396 nulla
1655 2360 1758 2395 caro
1780 2348 2065 2406 salvaretur‚'’
2099 2351 2349 2399 secundum

330 2428 338 2436 ·
362 2418 558 2473 Domini
580 2415 714 2464 verba
734 2415 855 2478 apud
877 2413 1159 2461 Mattbaeum
1172 2413 1307 2475 Cap:
1333 2428 1485 2460 xxxv:
1511 2429 1605 2469 223
1639 2415 1809 2477 quippe
1831 2430 1968 2463 omne
1989 2415 2161 2464 malurn
2195 2430 2350 2465 conta·

366 2484 543 2547 giosum
567 2481 647 2537 est,
681 2496 731 2528 ac
755 2477 950 2536 infectat,
986 2479 1098 2526 ficut
1119 2477 1212 2525 faex
1233 2479 1431 2534 maflam,
1444 2496 1453 2505 ³
1466 2479 1527 2526 ita
1548 2479 1728 2526 tandem
1746 2495 1918 2528 omnes.

349 2542 356 2550 '
386 2599 407 2611 ,χ
434 2548 576 2612 6667.
610 2548 665 2594 In
685 2546 870 2601 saevitia,
904 2544 1030 2607 quod
1053 2543 1273 2607 significet
1303 2542 1735 2601 immisericordiam,
1770 2546 1969 2594 constare
2006 2548 2152 2611 potest
2188 2549 2351 2613 absque

366 2614 695 2678 explicatione3
731 2626 838 2659 nam
875 2610 977 2665 illis,
1014 2609 1070 2656 de
1095 2610 1269 2672 quibus
1309 2625 1420 2657 mox
1457 2607 1603 2672 supra,
1638 2610 1759 2658 nulla
1796 2611 2096 2662 misericordia
2123 2614 2203 2671 est,
2245 2617 2355 2678 quia

366 2680 518 2732 nullus
547 2693 675 2726 amor
710 2676 925 2740 proximi,
961 2674 1034 2722 sed
1072 2674 1216 2722 solum
1254 2690 1381 2722 amor
1419 2673 1518 2730 sui;
1566 2690 1694 2722 amor
1722 2679 1938 2740 proximi,
1972 2680 2053 2742 qui
2091 2680 2212 2743 apud
2251 2681 2354 2728 illos

368 2757 567 2808 apparet,
589 2757 684 2798 ,nec
717 2742 838 2789 aliud
869 2741 949 2796 est,
977 2755 1120 2802 quam
1148 2756 1275 2787 amor
1313 2741 1395 2797 sui,
1429 2755 1534 2787 nam
1574 2753 1796 2804 quantum
1836 2742 1943 2790 alter
1980 2743 2116 2801 salvet,
2152 2745 2239 2792 hoc
2271 2745 2352 2803 est,

368 2822 589 2873 quantum
613 2809 649 2855 is
673 2807 776 2854 suus
797 2805 882 2863 est,
914 2818 1091 2852 tantum
1130 2819 1333 2860 amatur;
1367 2818 1414 2852 at
1450 2818 1672 2868 quantum
1713 2823 1805 2855 non
1842 2806 1979 2865 favet,
2014 2808 2086 2856 seu
2126 2822 2352 2873 quantum

265 2875 270 2879 ’
371 2891 463 2928 non
491 2874 593 2922 suus
622 2873 702 2929 est,
737 2868 914 2919 tantum
940 2869 1152 2932 rejicitur,
1186 2873 1235 2919 δε
1255 2871 1291 2917 fi
1311 2874 1436 2934 prius
1467 2869 1611 2925 fuerat
1644 2873 1833 2930 amicus,
1865 2883 2050 2922 tantum
2080 2875 2190 2923 odio
2225 2877 2359 2924 habe-

338 2972 342 2973 ν
371 2953 462 2997 tur,
496 2939 596 2987 talia
618 2938 757 2986 latent
778 2939 826 2984 in
848 2952 1000 2989 amore
1023 2935 1087 2982 sui
1107 2958 1122 2990 ς
1158 2951 1240 2983 nec
1262 2935 1304 2983 se
1328 2933 1609 2984 manifestant
1631 2938 1677 2984 in
1702 2939 1895 2994 mundo,
1929 2938 2003 2987 sed
2026 2940 2073 2988 in
2094 2940 2230 2988 altera
2245 2943 2357 2997 vita,

373 3005 452 3059 ubi
472 3015 719 3067 erumpunt
736 3025 752 3058 ·,
788 3001 912 3050 causa
934 3002 1062 3064 quod
1085 3001 1149 3048 ibi
1170 3013 1426 3064 erumpant,
1460 3001 1523 3049 est
1543 3003 1648 3066 quia
1666 3015 1852 3053 externa
1883 3004 1948 3052 ibi
1977 3003 2240 3054 auferuntur
2258 3029 2273 3062 3
2307 3008 2360 3055 δε

360 3073 642 3132 'tunc'patet,
663 3068 820 3132 ,qualis
841 3068 984 3114 homo
1005 3068 1187 3124 interius
1200 3066 1369 3115 suerat.
2303 3083 2305 3086 ⁴

441 3135 581 3182 6668.
615 3133 681 3181 Et
710 3148 915 3180 amarum
950 3132 1243 3179 reddiderunt
1263 3133 1407 3180 vitam
1441 3149 1602 3181 eorum
1640 3133 1849 3183 servitute
1888 3135 2034 3199 gravi,
2068 3137 2196 3199 quod
2229 3136 2366 3201 figni-

369 3201 479 3250 ficet
511 3197 649 3261 usque
687 3210 739 3249 ut
782 3197 938 3250 infesta
981 3198 1109 3248 fieret
1146 3196 1469 3263 subjugationis
1501 3200 1711 3259 intenti0,
1744 3200 1917 3250 constat
1955 3217 2012 3249 ex
2047 3201 2371 3264 fignificatione

1361 3264 1402 3313 C
2227 3284 2374 3319 amara
