2912 3770
512 282 645 344 ψ
1014 252 1140 328 Ἐ
1228 260 1309 331 X
1393 262 1448 328 ο
1540 261 1614 329 1>
1706 261 1776 329 U
1859 262 1927 330 S.

520 387 582 436 tia
601 385 771 435 Divina
798 383 966 442 inillis,
997 401 1164 448 ‘nempe
1184 385 1231 431 in
1253 384 1400 441 Veris,
1435 383 1493 432 de
1515 385 1679 449 quibus
1701 383 1848 449 supra,
1882 383 1989 448 quia
2014 381 2216 448 potentia
2236 382 2507 448 praedicatur

526 454 584 501 de
607 454 746 510 Vero,
769 468 842 499 n:
870 468 1010 514 3091.
1037 452 1179 514 6344.
1206 450 1347 512 6413.
1369 450 1512 515 6948.
2344 508 2347 514 Ι

598 535 739 582 7012.
775 518 888 576 Quo
924 516 1055 564 facies
1088 515 1227 578 figna,
1261 515 1387 577 quod
1408 515 1628 580 significet
1649 516 1753 563 inde
1774 515 2111 581 illustrationem
2134 515 2182 564 &
2207 516 2511 576 confirmatio·

528 599 634 631 nem
658 583 914 637 veritatum,
949 580 1120 627 constat
1155 594 1211 627 ex
1244 579 1568 644 significatione
1601 581 1734 645 figni,
1768 581 1895 645 quod
1932 580 1986 628 fit
2024 581 2312 629 confirmatio
2349 583 2512 632 verita·-

531 662 650 704 tum,
685 647 742 694 de
762 662 851 710 qua
874 662 903 692 n
924 646 1122 708 :·6870;
1144 646 1285 707 ‘quod
1315 661 1500 709 quoque
1523 647 1577 694 fit
1599 647 1847 703 illustratio,
1866 645 2071 758 'est‘ffiaia
2093 647 2517 698 confirmatio‘Veri'2

531 725 678 763 tatum
716 713 770 758 fit
810 726 889 774 per
925 710 1262 757 'illustrationem
1295 726 1319 756 a
1340 711 1547 759 Domitio
1566 712 1692 759 itum
1733 712 1873 759 homo
1894 711 1965 758 Ve
2020 727 2049 758 o
2070 710 2218 759 studet
2239 712 2516 774 finevsciendi

529 794 649 825 vera.
706 776 863 837 =Quod
887 775 1224 823 illustrationem
1245 776 1419 831 attinet,
1452 775 1502 823 &
1531 776 1637 823 inde
1668 777 2057 824 confirmationem
2081 779 2341 834 veritatum,
2377 778 2519 825 scien:

531 843 662 898 dum,
697 842 823 904 quod
843 838 908 887 illi
928 832 1008 904 qui
1035 842 1082 887 in
1113 841 1303 887 externis
1331 836 1490 903 absque
1513 843 1688 888 interno
1710 840 1827 897 sunt,
1861 853 1915 887 ut
1936 839 2118 889 fuerunt
2136 841 2290 903 Judaei
2312 843 2363 890 &
2384 842 2517 891 Israe-

531 904 642 963 litae,
677 922 769 953 non
792 908 953 970 poffint
978 904 1198 960 illustrari,
1233 907 1294 965 ita
1316 921 1396 952 nec
1414 906 1671 953 confirmari
1694 906 1741 963 in
1761 906 1878 952 veris
1898 927 1912 961 3
1947 908 2093 970 atqui
2115 908 2161 954 in
2185 908 2373 955 externis
2397 907 2514 965 sunt,

530 974 584 1019 ’δε
613 971 747 1019 fimul
779 972 825 1017 in
864 971 1062 1027 internis,
1097 984 1209 1020 cum.
1239 969 1642 1033 ieguntVerbum,
1676 970 1963 1027 illustrantur,
1998 971 2048 1018 ὅτ
2069 972 2121 1018 in
2139 971 2425 1021 illustratione
2445 976 2516 1021 vi-

531 1037 644 1084 dent
673 1052 792 1093 vera,
817 1037 873 1083 ‘in
896 1035 1073 1099 quibus
1109 1034 1258 1097 postea
1293 1035 1438 1098 magis
1466 1036 1516 1082 ὅτ,
1548 1035 1694 1098 magis
1724 1035 2074 1084 confirmantur:
2111 1037 2160 1086 &
2181 1034 2307 1101 quod
2331 1039 2518 1097 mirum,

533 1103 631 1149 talis
667 1102 924 1164 unicuique
943 1100 1005 1148 est
1039 1100 1290 1156 illustratio,
1324 1100 1469 1162 qualis
1490 1100 1530 1146 ei
1551 1100 1729 1153 affectio
1749 1102 1843 1147 veri
1870 1100 1949 1156 est,
1984 1101 2033 1148 ὅτ
2066 1100 2162 1148 talis
2196 1101 2372 1150 affestio
2403 1105 2517 1162 veri,

531 1167 663 1230 quale
697 1167 869 1213 bonum
905 1167 1048 1220 vitae;
1079 1164 1189 1211 inde
1222 1179 1405 1228 quoque
1443 1164 1523 1221 est,
1558 1165 1683 1228 quod
1705 1167 1787 1228 qui
1811 1167 1856 1211 in
1889 1165 2011 1213 nulla
2042 1165 2278 1214 affeffione
2297 1168 2393 1214 veri
2415 1167 2518 1215 sunt

533 1244 720 1295 propter
738 1246 916 1284 verum,
946 1230 1024 1277 sed
1046 1241 1230 1293 propter
1261 1230 1398 1286 lucra,
1434 1229 1611 1292 prorsus
1652 1246 1745 1278 non
1776 1229 2046 1277 illustrentur
2081 1247 2186 1278 cum
2225 1231 2383 1294 legunt
2403 1233 2518 1280 Ver·

536 1299 666 1354 bum,
702 1296 774 1343 sed
806 1295 947 1342 modo
978 1295 1303 1342 confirmantur
1334 1297 1380 1341 in
1410 1294 1746 1352 doctrinalibus,
1781 1295 2102 1360 qualiacunque
2138 1296 2238 1352 fint,
2275 1297 2365 1344 five
2399 1296 2519 1354 falsa,

536 1374 589 1408 ut
618 1361 717 1408 sunt
740 1361 987 1416 ‘haeretica,·
1007 1359 1096 1407 five
1118 1359 1295 1424 prorsus
1318 1361 1538 1408 contraria
1559 1361 1691 1417 veris,
1723 1372 1778 1407 ut
1806 1359 1909 1407 sunt
1930 1361 2134 1421 Judaica,
2169 1376 2274 1409 nam
2299 1363 2519 1426 Regnum

536 1427 730 1474 Domini
757 1441 848 1472 non
871 1430 1098 1488 quaerunt,
1134 1423 1209 1472 sed
1234 1425 1478 1482 mundum,
1513 1434 1604 1472 non
1637 1425 1776 1472 fidem
1816 1424 1888 1472 sed
1921 1423 2108 1483 famam,
2128 1428 2204 1473 >ita
2226 1442 2317 1474 non
2341 1428 2522 1489 divitias

535 1490 734 1539 coelestes
752 1489 826 1537 sed
859 1490 1002 1537 modo
1033 1489 1248 1536 terrestres
1267 1511 1284 1545 ·,
1319 1490 1440 1552 fique
1472 1490 1558 1537 illis
1592 1488 1708 1537 forte
1737 1490 1897 1555 incidit
1934 1491 2104 1554 cupido
2132 1490 2297 1538 sciendi
2327 1507 2432 1540 vera
2452 1483 2520 1540 ‘'ex

535 1556 718 1613 Verbo,
740 1555 936 1604 offerunt
959 1554 999 1603 se
1020 1553 1123 1601 falsa
1150 1554 1253 1602 loco
1275 1570 1505 1611 verorum,
1538 1556 1590 1603 δε
1609 1556 1791 1603 tandem
1813 1557 1992 1619 negatio
2008 1557 2243 1605 omnium:
2282 1555 2378 1605 haec
2401 1558 2520 1605 dicta

536 1622 653 1678 sunt,
689 1633 740 1669 ut
763 1620 921 1668 sciatur
944 1619 1056 1683 quid
1080 1619 1324 1676 illustratio,
1359 1621 1409 1667 &
1433 1620 1536 1667 inde
1557 1621 1843 1668 confirmatio
1866 1623 1973 1667 veri.
2532 1671 2534 1673 ,

566 1688 570 1691 ’
606 1694 760 1750 7013.'
782 1685 901 1733 Vers
912 1704 922 1733 ε
955 1691 1026 1733 18.
1059 1701 1232 1750 19:20.
1291 1687 1356 1733 Et
1389 1687 1477 1732 ivit
1500 1686 1720 1748 Moscheh,
1755 1686 1811 1735 ξεῖ
1839 1687 2031 1750 reversus
2059 1687 2118 1735 ad
2137 1688 2382 1751 Jethronem
2402 1688 2518 1750 so'c'e-

536 1768 630 1799 rum
640 1753 783 1813 suum,
819 1751 874 1800 δέ
895 1751 1005 1798 dixit
1027 1754 1080 1806 ei,
1116 1751 1183 1797 ibo
1205 1751 1353 1814 quaefh,
1389 1752 1444 1799 δέ
1466 1761 1663 1798 revertar
1681 1752 1741 1799 ad
1748 1751 1918 1812 fratres
1939 1769 2044 1799 meos
2074 1755 2146 1816 qui
2167 1755 2212 1799 in
2224 1754 2428 1815 AEgyptO,
2464 1752 2520 1802 ἐξ

538 1817 687 1865 videbo
710 1832 807 1865 num
838 1816 976 1864 adhuc
1001 1816 1066 1863 illi
1088 1819 1250 1863 vivunt
1269 1838 1283 1871 ·,
1320 1816 1374 1865 &³
1397 1816 1508 1863 dixit
1530 1818 1686 1880 Jethro
1708 1817 1895 1879 Moschi,
1929 1817 2040 1864 vade
2060 1819 2106 1863 in
2124 1829 2239 1889 pace.
2312 1815 2375 1864 Et
2409 1818 2520 1865 dixit

537 1882 740 1944 Jehovah
778 1882 838 1929 ad
871 1881 1073 1943 Moschen
1108 1883 1153 1928 in
1194 1881 1388 1938 Midian,
1420 1881 1548 1939 vade,
1581 1892 1791 1929 revertere
1811 1884 2061 1943 AEgyptum,
2096 1884 2194 1946 quia
2228 1885 2385 1930 mortui
2411 1883 2518 1945 sunt

535 1963 668 2006 omnes
689 1948 781 1993 viri
803 1957 1027 2010 quaerentes
1058 1948 1240 1993 animam
1261 1956 1400 1999 xtuam.
1471 1949 1534 1994 Et
1555 1950 1714 2009 accepit
1739 1947 1943 2010 Moscheh
1975 1963 2139 1994 uxorem
2158 1949 2301 2010 suam,
2336 1948 2389 1996 &
2400 1948 2519 2005 filios

528 2015 643 2075 suos,
693 2012 747 2060 &
787 2013 974 2075 equitare
1002 2011 1110 2072 fecit
1145 2011 1236 2057 illos
1257 2012 1387 2074 super
1414 2012 1542 2070 astno,
1577 2014 1631 2060 &
1653 2013 1842 2074 reversus
1867 2023 2024 2059 terram
2042 2013 2251 2074 AEgypti:
2289 2014 2339 2064 83
2361 2016 2519 2075 accepit

466 2086 471 2092 '
537 2077 741 2135 Moscheh
776 2077 966 2123 baculum
990 2078 1075 2123 Dei
1111 2079 1156 2123 in
1193 2092 1318 2122 manu
1347 2077 1446 2139 sua.
1519 2078 1580 2123 Et
1613 2079 1699 2124 ivit
1723 2076 1943 2124 Moscheh
1974 2077 2024 2123 ὅτ
2056 2077 2269 2134 reversus,
2303 2077 2522 2140 fignificat

537 2144 647 2188 vitae
670 2143 828 2204 prioris
850 2142 1115 2188 continuum
1137 2155 1150 2188 ε·
1185 2141 1239 2187 ad
1264 2142 1526 2202 Jethronem
1566 2141 1768 2189 socerum
1803 2141 1951 2198 suum,
1986 2142 2206 2205 fignificat
2244 2145 2290 2190 in
2330 2144 2521 2206 simplici

538 2207 690 2253 bono:
726 2208 774 2253 δε
798 2207 912 2252 dixit
935 2208 990 2262 ei,
1027 2207 1102 2253 ibo
1124 2207 1292 2269 quaeso,
1342 2208 1391 2254 &
1428 2220 1621 2254 revertar
1657 2208 1714 2254 ad
1749 2206 1899 2254 fratres
1941 2223 2064 2259 meos
2103 2206 2193 2271 qui
2220 2210 2266 2254 in
2290 2209 2517 2273 AEgypto,

538 2271 759 2334 fignificat
795 2271 1087 2318 elevationem
1124 2271 1180 2317 ad
1214 2273 1468 2319 interiorem
1501 2275 1547 2320 &
1573 2274 1715 2335 magis
1745 2270 2018 2336 spiritualem
2048 2274 2190 2320 vitam
2223 2275 2269 2320 in
2302 2276 2516 2336 naturali.-

539 2339 588 2384 δε
611 2337 795 2392 videbo,
819 2352 931 2383 num
954 2336 1099 2383 adhuc
1122 2336 1185 2383 illi
1209 2339 1389 2393 vivunt,
1426 2337 1640 2400 fignificat
1661 2336 1911 2386 illiusvitae
1933 2340 2264 2403 perceptionem
2284 2358 2296 2387 ι
2332 2340 2380 2386 δε
2406 2340 2521 2387 dixit

540 2402 698 2464 Jethro
715 2399 911 2458 Moschi,
929 2402 1060 2466 ‘vade
1097 2403 1143 2448 in
1184 2417 1307 2464 pace,
1344 2402 1564 2464 fignificat
1584 2402 1795 2450 assensum
1822 2405 1867 2450 δι
1894 2405 2131 2451 votivum:
2170 2406 2217 2451 &
2243 2404 2357 2451 dixit
2381 2405 2518 2465 Jeho-

539 2466 628 2513 vah
660 2467 717 2513 ad
741 2466 957 2514 Moschen
981 2468 1025 2513 in
1049 2467 1247 2523 Midian,
1283 2468 1500 2529 fignificat
1538 2468 1870 2516 illustrationem
1904 2470 1952 2515 ὅτ
1976 2469 2363 2516 confirmationem
2387 2486 2412 2516 a
2433 2471 2520 2516 Di-

539 2534 649 2578 vino
673 2533 717 2577 in
740 2531 818 2579 illo
841 2532 981 2579 statu:
1017 2532 1146 2587 vade,
1183 2546 1401 2579 revertere
1423 2530 1702 2596 AEgyptum,
1737 2533 1955 2597 fignificat
1993 2534 2260 2597 spiritualem
2294 2536 2433 2581 vitam
2473 2537 2520 2582 in

540 2597 751 2644 naturali:
804 2599 909 2659 quia
949 2599 1116 2644 mortui
1157 2598 1255 2643 sunt
1291 2614 1447 2645 omnes
1484 2602 1569 2646 viri
1605 2614 1851 2661 quaerentes
1890 2599 2083 2646 animam
2120 2611 2262 2655 tuam,
2299 2600 2520 2668 fignificat

539 2664 844 2710 remotionem>
877 2661 1087 2723 falsorum
1125 2664 1264 2708 vitam
1304 2665 1399 2709 veri
1440 2666 1487 2711 δε
1526 2665 1636 2710 boni
1666 2664 2208 2712 destruere'conantium:
2252 2667 2311 2712 ⁷&
2349 2669 2520 2729 accepit

540 2727 759 2774 Moscheh
781 2743 969 2774 uxorem
994 2727 1133 2782 suam,
1170 2728 1385 2790 fignificat
1405 2729 1580 2776 ‘bonum
1605 2728 1897 2792 adjunc'tum:
1934 2731 1982 2777 &
2007 2730 2123 2776 filios
2151 2728 2266 2786 suOS,
2301 2730 2519 2794 fignificat

539 2809 643 2839 vera
666 2792 793 2838 inde:
832 2794 880 2838 δε
903 2794 1096 2855 equitare
1120 2791 1224 2839 fecit
1249 2794 1345 2839 iilos
1377 2794 1505 2862 super
1528 2795 1661 2851 asmo,
1699 2795 1918 2858 fignificat
1954 2795 2026 2841 illa
2054 2811 2157 2858 quae
2190 2811 2323 2842 novae
2356 2797 2518 2843 intelli-

538 2859 704 2920 gentiae
728 2856 1012 2904 inservirent:
1052 2860 1098 2905 δε
1125 2858 1316 2904 reversus
1341 2870 1502 2907 terram
1527 2862 1738 2924 AEgypti,
1771 2861 1994 2923 >fignificat
2030 2863 2074 2906 in
2113 2873 2260 2907 mente
2299 2863 2516 2914 naturali:

540 2929 589 2969 ὅτ
613 2924 783 2984 accepit
807 2922 1026 2969 Moscheh
1061 2923 1270 2970 baculum
1294 2925 1380 2970 Dei
1407 2927 1451 2971 in
1476 2941 1608 2972 manu
1640 2927 1729 2983 sua,
1767 2925 1982 2987 fignificat
2005 2927 2130 2990 quod
2154 2926 2227 2973 illa
2245 2942 2300 2973 ex
2323 2930 2521 2991 potentia
2560 2955 2570 2961 ·

462 3049 464 3051 Ι
537 2989 723 3035 Divina.

606 3070 746 3115 7014.
781 3053 844 3100 Et
867 3054 949 3100 ivit
968 3052 1188 3101 Moscheh
1213 3055 1261 3101 &
1286 3056 1498 3113 reversus,
1534 3058 1659 3120 quod
1677 3033 1901 3121 fignificet-
1919 3059 2026 3104 vitae
2049 3058 2207 3120 prioris
2232 3059 2519 3116 continuum,

529 3120 705 3170 :constat
727 3134 782 3166 ex
812 3118 1130 3181 fignificatione
1166 3122 1242 3177 ire,
1280 3122 1404 3183 quod
1422 3122 1483 3169 -fit
1506 3125 1612 3180 vita,
1649 3124 1817 3186 de'qua
1840 3139 1898 3172 n:
1924 3129 2067 3180 4882.
2097 3142 2237 3189 5493.
2269 3125 2396 3187 5606
2420 3148 2434 3180 3
2470 3142 2526 3173 ex

2394 3191 2527 3260 figni-
