2912 3770
439 175 615 274 *325
915 159 1223 260 E'X.
1332 193 1389 259 o
1463 185 1660 259 v‘D-
1732 183 1821 261 ‘ts
1945 190 2010 262 s.

479 327 539 358 n:
579 315 722 375 5585.
782 326 927 375 5592.
971 316 1117 376 5816.
1157 318 1316 378 5823:
1350 314 1475 380 quod
1513 328 1604 363 non
1646 315 1962 374 misericordia,
2013 332 2106 365 non
2142 331 2234 382 pax
2267 320 2319 371 δε
2356 338 2451 372 non

479 378 670 436 bonum,
724 394 804 443 per
856 379 1018 427 faciem
1073 381 1272 443 Jehovae
1325 381 1648 443 fignificentur,
1699 383 1763 431 est
1822 383 1930 448 quia
1980 383 2087 443 mali
2143 400 2351 437 avertunt
2408 390 2453 438 se

476 461 504 492 a
541 446 751 507 Jehovah
804 445 877 493 seu
916 448 1143 503 Domino,
1195 463 1299 504 nam
1350 460 1557 507 avertunt
1592 449 1635 496 se
1668 465 1692 496 a
1733 450 1855 496 bono
1889 450 2012 514 quod
2048 451 2289 509 charitatis,
2339 456 2391 503 δε
2424 472 2450 503 a

478 525 590 586 vero
605 512 731 578 quod
756 510 882 568 fidei,
922 512 964 558 in
990 514 1159 577 quibus
1189 511 1252 560 est
1279 514 1544 570 Dominus;
1580 516 1629 564 ὅτ.
1647 529 1755 562 tunc
1778 531 1803 562 a
1829 527 1958 577 tergo
1984 516 2069 563 illis
2092 516 2195 564 sunt
2217 534 2324 582 quae
2346 522 2450 567 Do·
2536 520 2541 523 ⁴

478 579 591 625 mini
619 581 736 632 sunt,
781 577 830 624 &
853 594 879 626 a
902 578 1013 627 facie
1047 596 1154 645 quae
1186 580 1407 636 illorum
1441 582 1491 633 ὅτ
1525 598 1632 646 quae
1664 598 1689 628 a
1718 594 1849 643 tergo
1883 582 2115 639 sunt,‘i⁴l>la
2148 599 2241 631 non
2276 587 2453 646 vident,

475 659 559 716 nec
595 655 784 697 curant3
836 644 940 693 inde
973 662 1113 698 omne
1149 646 1345 705 malum,
1402 651 1719 713 consequenter
1754 648 1988 696 infelicitas
2023 650 2074 697 δε
2110 649 2342 699 infernum
2366 652 2450 701 ho·

477 725 616 758 m1n1.
1323 751 1326 753 .
1356 733 1359 736 ⁴
2000 744 2004 747 -

548 777 691 840 7600.
729 777 863 824 Vers:
892 794 947 841 3¹
979 778 1033 824 ad
1061 779 1152 826 fin:
1189 780 1253 827 Et
1273 779 1406 827 linum
1442 778 1499 828 {9²
1534 779 1732 828 hordeum
1749 781 1986 848 percuffum
2010 779 2087 843 est,
2118 784 2217 845 quia
2237 782 2439 831 hordeum

464 838 588 903 spica
627 846 914 905 maturescens,
951 844 1006 892 Β
1030 845 1161 893 linum
1200 848 1376 894 culmus.
1463 847 1528 893 Et
1547 847 1736 894 triticum
1777 846 1833 895 &²
1870 856 1952 895 zea
1990 863 2072 895 non
2106 848 2295 913 percuffa
2322 850 2445 910 fient,

475 911 575 970 quia
598 910 742 957 abdita
766 910 855 958 illa.
926 912 988 957 Et
1012 910 1187 976 egreffus
1212 912 1412 974 Mofiheh
1440 928 1469 959 a
1498 928 1591 960 cum
1614 913 1858 969 Pharaone,
1895 912 2010 970 urbe,
2048 914 2105 962 δέ
2127 914 2325 977 expandit
2346 916 2444 977 pal-

474 989 564 1022 mas
578 977 681 1038 suas
713 978 774 1023 ad
792 977 1022 1037 Jehovam,
1058 977 1114 1026 ὑὶ
1143 977 1618 1043 ceffirveruntvocos&
1629 978 1813 1041 grando,
1850 978 1906 1027 &²
1932 979 2091 1039 pluvia
2123 996 2204 1028 non
2238 981 2370 1043 effusa
2392 982 2448 1039 est

473 1048 651 1089 terram.
723 1044 787 1089 Et
808 1045 916 1090 vidit
933 1043 1123 1099 Pharao,
1158 1043 1270 1107 quod
1290 1044 1463 1108 ceffizvr't
1476 1046 1635 1105 pluvia
1658 1044 1714 1093 ἐξ
1730 1047 1914 1107 grando,
1951 1045 2008 1094 {9²
2029 1060 2166 1102 voces,
2202 1047 2258 1094 &3
2280 1046 2447 1097 addidit

466 1117 649 1167 peccare
668 1129 681 1162 ·,
718 1108 773 1157 ἐξ
796 1111 1064 1173 aggravavit
1086 1113 1296 1171 corsuum
1317 1111 1387 1158 ille
1409 1109 1464 1158 &³
1477 1112 1604 1173 firvj
1624 1111 1749 1159 illius.
1819 1113 1882 1158 Et
1901 1110 2166 1169 obfirmatum
2183 1128 2256 1159 cor
2277 1112 2449 1159 Phara-

476 1175 581 1228 onis,
618 1175 674 1222 &
695 1190 776 1225 non
806 1175 960 1234 dimsst
972 1175 1089 1235 filios
1117 1175 1308 1238 Israelis,
1344 1175 1686 1239 quemadmodum
1724 1177 1912 1242 loquutus
1932 1177 2130 1239 Jehovah
2160 1189 2248 1239 per*
2275 1193 2449 1225 manum

474 1240 676 1301 Moschis.
747 1240 812 1287 Et
849 1241 995 1288 linum
1021 1242 1243 1302 fignificat
1266 1257 1424 1290 verum
1464 1243 1675 1291 naturalis
1713 1243 1976 1291 exterioris:
2005 1244 2062 1290 ’ὅτ
2083 1243 2324 1300 hordeum,
2360 1244 2448 1305 fig-

474 1305 628 1354 nificat
655 1308 825 1354 bonum
844 1306 967 1371 ejus:
1005 1309 1255 1370 percuffum
1290 1308 1370 1365 est,
1407 1308 1627 1371 fignificat
1650 1309 1772 1373 quod
1798 1308 2022 1356 destruita
2040 1326 2066 1356 :·
2083 1309 2197 1372 *quia
2220 1309 2447 1358 hordeum

474 1372 591 1433 spica
623 1373 931 1427 maturescenS,
968 1374 1017 1421 ὅτ
1044 1373 1189 1422 linum
1221 1374 1416 1431 cultum,
1452 1374 1673 1438 fignificat
1707 1374 1834 1439 quod
1859 1375 2032 1422 bonum
2069 1376 2119 1423 &
2141 1390 2304 1422 verum
2330 1374 2443 1423 iliud

474 1437 698 1486 exstarent
718 1439 766 1487 ὅτ
790 1439 1042 1503 specstarent
1064 1440 1308 1488 deorsum:
1344 1442 1391 1488 ὅτ
1419 1442 1617 1507 triticum
1659 1442 1708 1488 ὅτ
1735 1457 1832 1498 zea,
1868 1441 2092 1503 fignificat
2124 1441 2298 1488 bonurn
2330 1441 2448 1487 inte-

475 1504 601 1556 rioris
622 1505 830 1552 naturalis
854 1506 902 1553 &
923 1521 1080 1553 verum
1108 1505 1231 1571 ejus:
1269 1522 1360 1553 non
1385 1508 1582 1570 percuffa'
1606 1507 1721 1567 sunt,
1749 1504 1995 1569 fignificat²
2024 1506 2114 1554 uod
2139 1523 2229 1555 non
2254 1505 2451 1553 destrue-

475 1581 519 1615 ta
545 1569 656 1618 fint:
693 1572 799 1636 quia
839 1572 992 1619 abdita
1034 1573 1122 1629 ill-a,
1171 1573 1395 1635 fignificat
1428 1573 1537 1637 quia
1564 1589 1660 1620 -non
1708 1573 1949 1629 exstarent,
1987 1523 2038 1620 Ξῖ
2070 1573 2177 1636 quia
2205 1584 2451 1634 ¹vergerent

476 1637 750 1686 introrsum:
798 1639 846 1686 δε
879 1638 1074 1699 egressus
1115 1638 1338 1687 Moscheh
1381 1655 1405 1686 a
1437 1654 1543 1686 cum
1578 1639 1811 1688 Pharaone
1854 1639 1979 1696 urbe,
2015 1637 2238 1700 fignificat
2281 1639 2456 1702 separa-·

476 1704 650 1751 tionem
675 1704 731 1751 ab
757 1704 875 1751 illis:
913 1705 961 1751 δε
992 1705 1209 1768 expandit
1238 1704 1412 1768 palmas
1442 1703 1535 1752 suas
1567 1705 1623 1752 ad
1649 1705 1898 1768 Jehovam,
1936 1705 2158 1766 fignificat
2182 1704 2450 1751 intercessio-

475 1783 613 1816 nem:
649 1771 991 1817 &cefl‘averunt
1014 1786 1144 1817 voces
1169 1771 1219 1817 ὅτ
1242 1771 1431 1832 grando,
1466 1771 1687 1833 fignificat
1725 1772 1847 1834 quod
1896 1771 1998 1819 finis
2038 1769 2154 1817 illius
2187 1769 2355 1818 status:
2385 1772 2446 1830 ὃς

473 1834 629 1897 pluvia
655 1852 745 1883 non
770 1835 909 1884 effusa
932 1849 1110 1894 terram,
1146 1835 1367 1899 significat
1389 1838 1515 1901 quod
1539 1836 1644 1883 falsa
1669 1837 1744 1883 illa
1779 1852 1870 1883 non
1896 1835 2040 1898 magIs
2062 1847 2357 1899 apparerent:
2395 1837 2447 1883 δε

473 1901 589 1949 vidit
608 1901 796 1958 Pharao,
832 1902 1050 1965 fignificat
1066 1903 1499 1965 apperceptionem:
1536 1902 1660 1966 quod
1686 1902 1867 1949 cessavit
1887 1902 2059 1965 pluvia,
2095 1902 2145 1949 &
2169 1901 2358 1963 grando,
2394 1902 2447 1949 δε

473 1982 625 2023 voce-³,
671 1968 891 2031 fignificat
914 1968 1040 2032 quod
1064 1969 1166 2015 finis
1206 1970 1314 2015 esset
1337 1968 1473 2016 status
1499 1968 1647 2014 illius:
1699 1969 1749 2015 ὅτ
1783 1968 1958 2025 addidit
1988 1982 2183 2029 peccare,
2219 1967 2444 2030 fignificat

474 2030 758 2082 rec‘effionem
784 2034 961 2093 adhuc:
998 2036 1047 2082 ὅτ
1071 2034 1339 2098 aggravavit
1361 2050 1442 2081 cor
1467 2032 1598 2081 suum
1624 2033 1695 2080 ille
1729 2032 1786 2081 ὅτ’
1813 2033 1923 2081 servi
1948 2033 2083 2089 illius,
2120 2032 2342 2095 fignificat
2363 2033 2447 2080 ob·

476 2099 792 2147 stinationern:
845 2102 894 2147 δι
930 2102 1222 2148 obfirmatum
1253 2116 1331 2148 cor
1354 2101 1614 2155 PharaoniS,
1667 2100 1889 2162 fignificat
1921 2099 2043 2163 quod
2079 2113 2135 2144 ex
2160 2098 2283 2145 malo
2306 2098 2444 2146 obsti-

476 2177 627 2213 narent
642 2167 706 2214 se:
730 2168 878 2214 &non
899 2166 1069 2213 dimisit
1087 2167 1203 2214 filios
1213 2166 1399 2222 IsraeliS‚
1415 2166 1636 2226 fignificat
1653 2165 1778 2228 quod
1799 2182 1887 2212 non
1909 2166 2236 2227 relinquerent:
2278 2180 2440 2227 quem·

388 2248 390 2253 ’
475 2232 730 2280 admodum
771 2233 988 2294 loquutus
1015 2233 1242 2294 Jehovah,
1279 2232 1500 2294 significat
1535 2231 1778 2278 secundum
1817 2230 2196 2295 praediftionem:
2232 2245 2314 2293 per
2351 2246 2447 2278 ma·-

393 2348 395 2351 ,
424 2321 435 2326 ,
474 2315 587 2347 num
614 2298 836 2353 Moschiz,
874 2298 1093 2359 significat
1117 2299 1268 2345 media
1291 2298 1391 2358 lege
1413 2314 1439 2343 a
1461 2297 1651 2344 Divino.

542 2366 686 2432 7601.
725 2365 789 2412 Et
823 2364 986 2420 linum,
1022 2364 1149 2427 quod
1183 2364 1404 2427 significet
1441 2378 1596 2410 verum
1631 2361 1845 2410 naturalis
1879 2362 2131 2418 exterioriS,
2181 2361 2354 2411 constat
2386 2377 2447 2408 ex

474 2432 801 2493 significatione
826 2430 927 2486 lini,
961 2430 1086 2494 quod
1115 2430 1166 2476 sit
1189 2446 1362 2484 verum,
1400 2428 1472 2475 sed
1496 2445 1657 2475 verum
1684 2427 1892 2475 naturai-is
1910 2427 2157 2483 exterioris,
2193 2430 2251 2476 de
2270 2443 2358 2491 qua
2376 2427 2442 2473 se-

474 2500 660 2562 quitur,
708 2497 833 2561 quod
876 2496 1074 2543 naturale
1117 2496 1167 2543 fit
1203 2497 1394 2543 exterius
1430 2497 1479 2543 δε
1522 2495 1721 2549 interim,
1772 2494 1979 2541 videatur
2014 2510 2069 2540 n:
2106 2509 2254 2557 4570.
2291 2508 2346 2553 51
2363 2497 2440 2541 18.

474 2582 619 2627 5497.
647 2564 792 2625 5649,
827 2561 1150 2625 consequenter
1174 2562 1301 2626 quod
1331 2577 1490 2608 verum
1517 2562 1565 2609 &
1589 2562 1764 2608 bonum
1791 2559 1851 2607 ibi
1879 2562 1931 2607 fit
1955 2560 2140 2606 interius
2158 2561 2207 2606 ὅτ
2225 2559 2440 2615 exterius,

471 2647 528 2678 n:
556 2645 698 2692 3293.
728 2645 855 2692 3294
879 2649 893 2682 ;
930 2644 1090 2674 verum
1115 2627 1164 2674 ὅτ
1190 2630 1364 2674 bonum
1390 2628 1594 2674 naturalis
1618 2627 1847 2681 exterioris
1867 2625 2176 2688 fignificantur
2194 2640 2273 2687 per
2292 2623 2445 2671 linum

473 2699 523 2744 δε
558 2695 780 2742 hordeum
803 2715 816 2747 ;
866 2709 914 2740 ac
938 2695 1115 2741 bonum
1139 2694 1189 2740 &
1213 2709 1369 2740 verum
1414 2694 1622 2740 naturalis
1647 2691 1867 2746 interioris
1893 2707 1971 2755 per
1988 2689 2195 2749 ,triticum
2219 2689 2268 2736 δε
2292 2700 2443 2736 zeam.

472 2765 523 2810 ln
551 2762 635 2809 hoc
658 2762 706 2808 &
731 2762 773 2806 in
801 2759 1000 2823 sequenti
1020 2759 1161 2807 Versu
1184 2760 1330 2822 agitur
1352 2759 1409 2805 de
1435 2759 1548 2805 veris
1573 2759 1621 2806 ὅτ
1640 2758 1787 2813 bonis,
1822 2772 1928 2821 quae
1951 2754 2241 2815 destructa&
2265 2753 2438 2803 vastata.

467 2830 586 2884 sunt,
622 2826 671 2874 &
694 2825 750 2872 de
775 2826 904 2872 bonis
930 2828 977 2873 ὅτ
999 2826 1112 2872 veris
1132 2842 1239 2890 quae
1255 2841 1345 2872 non
1365 2824 1585 2872 destrufta
1605 2825 1653 2871 δε
1674 2823 1842 2870 Vastata
1866 2843 1883 2878 3
1904 2824 1964 2871 ita
1989 2821 2046 2868 de
2070 2821 2188 2867 veris
2207 2821 2256 2867 δε
2274 2819 2428 2877 bonis,

472 2910 578 2959 quae
601 2892 829 2939 recondita
849 2892 897 2939 &
922 2892 1137 2939 reservata
1161 2892 1259 2939 sunt
1280 2891 1335 2937 ad
1355 2889 1505 2947 usum,
1542 2892 1590 2938 δε
1615 2906 1722 2954 quae
1746 2904 1834 2936 non
1861 2887 2088 2936 recondita
2112 2887 2160 2939 ὅτ,
2187 2901 2277 2933 non
2303 2886 2442 2933 refer·-

472 2974 610 3013 vata3
647 2973 753 3005 nam
778 2957 899 3019 apud
923 2959 1079 3013 malos,
1115 2974 1220 3004 curn
1244 2956 1490 3013 vastantur,
1525 2957 1613 3004 hoc
1636 2956 1716 3011 est,
1751 2970 1868 3001 cum.
1891 2953 2147 3016 separantur
2182 2967 2206 2997 a
2240 2951 2356 2999 veris
2389 2953 2440 3000 δε
2537 2995 2557 3011 ,,

470 3026 618 3081 bonis,
653 3024 705 3071 ὅτ
728 3022 1041 3086 relinquuntur
1064 3023 1149 3070 suis
1171 3023 1300 3069 malis
1324 3023 1372 3069 &
1393 3023 1525 3076 falfis,
1561 3034 1670 3068 tunc
1692 3020 1920 3066 vastantur
1957 3018 2105 3082 quoad
2146 3017 2219 3064 illa
2252 3034 2357 3065 vera
2389 3018 2440 3064 δε

468 3095 587 3141 bona
609 3105 715 3155 quae
738 3089 836 3136 sunt
860 3090 905 3135 in
931 3088 1140 3135 exteriori
1167 3088 1371 3141 naturali,
1418 3089 1465 3133 δε
1491 3085 1694 3151 adjuneta
1717 3086 1778 3133 ibi
1802 3084 1916 3132 falsis
1942 3085 1990 3132 &
2017 3083 2163 3139 malis,
2210 3083 2335 3144 quod
2363 3083 2436 3131 ill'a

467 3174 571 3208 vera
595 3158 642 3205 &
669 3157 788 3205 bona
811 3154 1013 3218 speetent
1036 3155 1264 3212 deorsum,
1298 3145 1354 3201 ac*
1374 3153 1476 3201 ideo
1501 3168 1592 3200 non
1615 3151 1818 3200 reservari
1840 3152 2020 3215 po‘ffint,
2059 3149 2303 3218 „videbitur
2323 3148 2443 3262 ifinsta

1622 3227 1625 3234 '
2207 3230 2263 3263 n:
2291 3229 2315 3278 7
2353 3229 2448 3273 04„
