2912 3770
854 297 1248 363 CAPUT
1340 292 1966 361 rER‘r1UM.
2308 317 2404 381 93

403 421 531 498 quod
553 420 683 468 Deus
703 418 761 469 sit
781 420 1010 469 Divinum
1042 431 1197 486 patet:
1234 420 1464 484 perceptio
1495 435 1523 466 a
1550 419 1729 467 Divino
1758 418 1940 475 dicitur,
1967 418 2085 482 quia·
2122 420 2272 466 omnis
2305 435 2406 482 per·

404 503 455 534 ce
489 488 554 536 tio
570 487 675 534 inde
696 485 774 534 est.

455 504 616 618 p6875.
651 553 774 601 Ecce
795 566 890 616 ego
905 553 1042 599 venio
1063 552 1119 599 ad
1143 551 1261 600 filios
1284 552 1468 609 Istaelis,
1503 552 1632 616 quod
1671 551 1894 616 significet
1924 550 1982 599 de
2015 551 2102 599 illis
2125 552 2206 615 qui
2229 550 2291 599 ab
2308 549 2405 598 Ec·-

401 618 530 667 clesia
551 619 786 683 spirituali,
815 617 985 666 constat
1006 633 1064 665 ex
1085 618 1468 682 repraesentatione
1491 569 1694 665 fiqliorum
1717 617 1899 675 Israelis,
1933 618 2062 682 quod
2095 618 2181 666 sint
2214 618 2278 665 illi
2318 621 2401 683 qui

403 685 459 733 ab
480 684 687 733 Ecclesia
699 682 932 748 spirituali,
965 684 1023 731 de
1044 698 1213 747 quan:
1240 685 1384 747 6637.
1410 683 1553 734 6862.
1580 685 1724 746 6865.

472 751 615 815 6876.
650 750 716 797 Et
751 751 859 797 dico
890 750 948 797 ad
986 750 1103 807 illos,
1140 751 1269 797 Deus
1304 763 1487 814 patrum
1520 749 1773 798 vestrorum
1806 749 1927 798 misit
1951 765 2027 798 me
2058 750 2113 797 ad
2137 765 2237 806 vos,
2274 751 2402 814 quod

402 817 624 880 significet
644 817 772 879 quod
794 816 1022 863 Divinum
1045 814 1262 863 Ecclesiae
1284 819 1511 880 Antiquae
1549 817 1672 880 apud
1711 817 1828 871 illos,
1863 817 1959 879 quir
1972 817 2028 864 ab
2050 816 2248 865 Ecclesia
2276 815 2404 879 spiri-

402 883 528 938 tuali,
561 883 662 937 erit,
697 881 870 929 constat
906 897 965 929 ex
1007 881 1330 944 significatione
1351 883 1443 930 Dei
1474 894 1676 946 patrum,
1711 882 1840 945 quod
1863 882 1917 928 [it
1938 882 2164 929 Divinum
2190 882 2404 930 Ecclefiae

402 949 659 1010 Antiquae;
693 947 819 1010 quod
856 960 1003 1011 patres
1039 947 1124 995 sint
1160 948 1225 995 illi
1264 949 1345 1010 qui
1377 947 1434 1006 ab
1455 941 1657 995 Ecclesia
1678 949 1900 1010 Antiqua,
1936 947 2145 995 videatur
2167 964 2229 995 n:
2256 950 2401 1010 6050.

403 1015 548 1089 6075
568 1014 735 1071 6³46,
770 1027 827 1060 ex
848 1012 1231 1077 repraesentatione
1264 1013 1466 1062 filiorum
1491 1013 1677 1070 Israelis,
1707 1014 1788 1076 qui
1812 1014 1885 1060 hic
1908 1013 2010 1061 sunt
2030 1029 2133 1070 vos,
2166 1014 2294 1077 quod
2318 1014 2404 1062 fint

402 1081 482 1143 qui
513 1049 570 1126 ab
591 1078 790 1126 Ecclesia
819 1077 1064 1143 spirituali,
1084 1079 1143 1126 de
1179 1095 1272 1143 qua
1306 1095 1419 1128 mox
1452 1078 1582 1143 supra
1614 1095 1674 1127 n:
1702 1081 1865 1143 6875,
1904 1082 1953 1127 δι·
1991 1094 2048 1126 ex
2081 1079 2405 1155 significatione

403 1146 542 1202 mitti,
577 1145 703 1208 quod
739 1144 794 1192 fit
828 1145 1091 1208 procedere,
1119 1145 1176 1191 de
1210 1160 1301 1208 qua
1323 1161 1381 1193 n:
1407 1161 1550 1210 2397.
1576 1161 1721 1210 4710.
1749 1146 1895 1209 6831,
1930 1144 2004 1199 hic
2025 1146 2154 1221 quod
2175 1146 2260 1193 erit
2281 1146 2407 1208 apud

403 1211 538 1268 illos,-
558 1226 662 1258 nam
704 1210 872 1258 dicitur
903 1211 963 1258 de
1000 1211 1177 1258 Divino
1211 1211 1426 1258 Ecclefiae
1448 1213 1688 1274 Antiquae,
1724 1211 1852 1274 quod
1876 1211 1990 1258 Hoc
2025 1212 2109 1258 erit
2140 1212 2187 1257 in
2210 1211 2407 1260 Ecciefia

404 1277 639 1341 spirituali,
672 1291 779 1389 quae
801 1291 885 1339 per
903 1276 1023 1324 filios
1044 1275 1212 1324 Israelis
1235 1275 1585 1339 repraesentatur.
1653 1278 1886 1324 Divinum
1914 1277 2041 1339 quod
2074 1274 2163 1324 fuit
2190 1277 2413 1324 Ecclesiae·
2487 1286 2490 1288 ’

403 1345 520 1391 Anti
522 1357 644 1406 quae,
730 1354 768 1389 it
793 1343 1021 1390 Dominus
1058 1343 1211 1406 quoad
1246 1343 1475 1390 Divinum
1511 1343 1826 1397 Humanum·,
1863 1343 2070 1404 Antiqua
2093 1342 2289 1389 Ecclesia
2319 1341 2409 1390 hoc

403 1358 558 1456 babuli
581 1405 638 1455 ab
661 1408 1015 1472 Antiquissima,
1047 1409 1098 1456 ὅτ
1121 1424 1305 1472 quoque
1325 1423 1383 1455 ex
1402 1425 1475 1466 eo,
1509 1408 1638 1472 quod
1661 1407 1867 1469 Jehovah
1904 1407 1994 1454 illis
2028 1407 2149 1455 visus
2187 1407 2321 1456 fuerit
2357 1411 2404 1455 iii

405 1473 554 1522 forma
584 1474 816 1530 humana,
849 1486 1126 1549 quapropter
1163 1490 1273 1521 cum
1309 1474 1367 1521 de
1399 1473 1606 1535 jehovah
1644 1473 1922 1537 cogitabant,
1957 1488 2049 1520 non
2071 1473 2330 1538 cogitabant
2353 1486 2413 1529 ut

405 1533 465 1588 de
486 1540 607 1588 Ente
629 1538 899 1596 Universali,
933 1538 1065 1604 cujus
1098 1539 1271 1588 nullam
1310 1539 1460 1587 ideam
1497 1539 1761 1596 habuissent,
1797 1538 1872 1586 sed
1907 1551 1960 1587 ut
1992 1540 2049 1587 de
2072 1540 2297 1588 Humano
2322 1541 2407 1586 Di-

407 1608 534 1662 vino,
568 1607 614 1653 in
646 1605 773 1668 quod
810 1605 1107 1654 determinare
1138 1606 1464 1669 cogitationem
1502 1605 1625 1653 suam
1664 1607 1871 1669 possent,
1906 1604 1966 1652 fic
1989 1607 2112 1652 enim
2137 1607 2186 1652 δε
2209 1607 2415 1668 cogitare-

406 1672 465 1718 de
487 1671 710 1732 Jehovab‚
746 1673 795 1718 δι
818 1669 1037 1735 conjungi
1056 1671 1144 1735 lpfi
1183 1687 1338 1719 amore
1370 1683 1648 1735 potuerunt:
1683 1673 1766 1734 qui
1784 1671 1841 1718 ab
1864 1670 2061 1719 Ecclesia
2082 1673 2288 1735 Antiqua
2310 1670 2411 1719 fue-

407 1749 531 1794 runt,
565 1737 615 1784 &
654 1737 883 1800 imprimis
919 1740 1000 1800 qui
1037 1737 1096 1785 ab
1117 1737 1317 1785 Ecclesia
1338 1738 1682 1800 Antiquiffima,
1718 1736 1867 1784 multo
1898 1736 2182 1801 sapientiores
2220 1736 2411 1785 fuerunt

407 1802 697 1859 nostratibus,
727 1803 778 1850 &
801 1815 950 1850 tamen
974 1802 1113 1866 usque
1144 1819 1237 1851 non
1271 1803 1467 1866 cogitare
1499 1814 1747 1867 potuerunt
1778 1803 1904 1851 aliter
1931 1803 1988 1850 de
2011 1803 2234 1864 jehovah,
2267 1819 2412 1867 quam

404 1881 463 1916 ut
487 1867 556 1917 de
583 1868 811 1925 Homine,
846 1866 976 1932 cujus
999 1870 1277 1917 Humanum
1308 1870 1537 1916 Divinum
1571 1869 1708 1925 effet3
1744 1885 1832 1917 nee
1857 1881 1968 1916 tunc
2003 1870 2050 1916 in
2082 1870 2410 1933 cogitationem

406 1929 592 1982 illorum
621 1934 836 1982 influebat
857 1935 1041 1998 aliquod
1062 1935 1270 1982 indecens
1292 1947 1479 1999 captum
1501 1950 1559 1982 ex
1579 1935 1764 1983 homine
1795 1935 1983 1982 naturali
2006 1933 2188 1998 ejusque
2223 1936 2414 1983 infirmo

348 2004 353 2007 “
404 2001 458 2048 &¹
479 1999 619 2057 malo,
653 1999 728 2047 sed
750 2000 878 2064 quod
899 2000 962 2048 de
980 2000 1067 2048 Illo
1085 2001 1315 2056 influebat,
1348 2014 1444 2048 erat
1480 2017 1620 2049 omne
1658 2000 1898 2049 sanetumi‘
1926 2000 2008 2064 ipsi
2049 2001 2214 2064 angeli,
2248 2002 2329 2064 qui
2362 2003 2414 2048 in

405 2064 527 2144 Q
550 2065 760 2130 sapientia
780 2065 882 2114 sunt
903 2082 1000 2130 prae
1022 2066 1223 2124 homine,
1258 2083 1340 2115 nec
1361 2067 1487 2114 aliter
1508 2066 1690 2130 possunt
1717 2068 1917 2131 cogitare
1946 2066 2003 2113 de
2024 2066 2216 2123 Divino,
2250 2067 2411 2114 vident

405 2135 529 2181 enim
533 2132 847 2180 ‘Dominum'
833 2148 887 2180 in
908 2134 1081 2180 Divino
1100 2133 1358 2188 Humano,
1393 2132 1539 2180 sciunt
1559 2133 1684 2195 quod
1709 2133 1912 2196 angelus,
1946 2133 2069 2195 apud
2089 2148 2230 2196 quem
2254 2134 2414 2181 omnia

407 2198 535 2246 finita
561 2198 679 2255 sunt,
714 2213 998 2260 nequaquam
1018 2198 1226 2275 aliquam
1258 2199 1406 2246 ideam
1440 2198 1597 2246 habere
1630 2200 1764 2262 poffit
1795 2199 1853 2246 de
1875 2198 2085 2254 Infinito,
2115 2198 2195 2245 nisi
2234 2214 2314 2262 per
2354 2199 2407 2245 si·

408 2264 518 2311 mile
539 2264 681 2315 finito
753 2263 899 2327 Qiod
938 2266 1133 2328 antiquis
1173 2264 1454 2328 temporibus
1476 2264 1704 2325 jehovam
1739 2264 2024 2311 adoraverint
2061 2263 2163 2318 sub
2181 2265 2414 2312 Humano·

408 2330 601 2385 Divino,
635 2328 808 2377 constat
841 2329 1069 2378 manifeste
1107 2331 1164 2378 ab
1193 2330 1365 2394 angelis
1391 2330 1497 2378 vifis
1521 2330 1819 2377 Abrahamo'
1808 2346 1855 2376 in
1877 2329 2026 2376 forma
2058 2327 2268 2387 humana,
2304 2343 2409 2377 tum

310 2444 317 2447 .
408 2396 513 2450 dein
536 2395 711 2452 Lethe,
748 2407 799 2443 ut
821 2397 870 2443 &
894 2395 1065 2455 Josuae‚
1097 2409 1232 2460 atque
1271 2396 1503 2444 Guideoni
1540 2397 1590 2443 δι
1628 2395 1906 2455 Manoacho,
1940 2396 2020 2458 qui
2050 2395 2222 2459 Angeli
2258 2398 2412 2444 vocati

406 2461 510 2509 sunt
529 2459 753 2523 khovah,
788 2476 838 2507 ac
866 2474 919 2509 ut
940 2462 1068 2510 Deus
1106 2462 1298 2510 universi
1334 2463 1519 2510 adorati.
1591 2461 1752 2510 Hodie
1788 2461 1825 2508 si.
1858 2460 2068 2522 Jehovab
2095 2474 2327 2525 appareret
2360 2463 2413 2508 in

408 2526 604 2575 Ecclesia
626 2526 737 2574 ficut
758 2527 942 2585 Homo,
976 2527 1392 2584 scandalizarentur,
1429 2529 1475 2576 δι
1513 2529 1766 2591 cogitarent
1797 2527 1925 2590 quod
1962 2542 2248 2590 nequaquam
2272 2528 2412 2575 Crea-

407 2605 480 2640 tor
497 2595 548 2641 ὅτ.
574 2595 798 2641 Dominus
821 2593 1034 2641 Univerfi
1053 2593 1174 2650 effet,
1208 2596 1314 2657 quia
1351 2595 1472 2641 visus
1506 2607 1560 2641 ut
1580 2595 1787 2648 Homo-,-
1819 2609 1876 2640 ac
1893 2606 2108 2655 praeterea
2141 2609 2233 2640 non
2272 2594 2410 2640 aliam

408 2658 619 2707 haberent
651 2659 708 2706 de
730 2658 834 2722 Ipso
862 2659 1030 2716 ideam,
1064 2675 1203 2723 quam
1232 2660 1414 2723 qualem
1438 2660 1495 2706 de
1517 2660 1697 2722 vulgari
1718 2658 1934 2706 homine:
1970 2658 2162 2706 credunt
2183 2658 2261 2706 se
2249 2675 2296 2706 in
2318 2659 2408 2706 hoc

410 2723 692 2788 sapientiores
716 2725 929 2788 antiquis,
962 2741 1057 2772 non
1076 2726 1260 2772 scientes
1296 2725 1421 2789 quod
1456 2726 1501 2773 in
1524 2742 1579 2773 eo
1601 2725 1687 2772 sint
1709 2741 1735 2772 a
1757 2723 1965 2788 sapientia
1994 2723 2171 2787 prorsus
2208 2726 2411 2780 remoti,

405 2806 512 2838 nam
537 2807 646 2839 cum
669 2793 716 2838 in
739 2789 836 2838 Ens
867 2789 1111 2838 universale
1146 2790 1325 2854 prorsus
1356 2790 1800 2854 incomprehensibile
1834 2790 2085 2837 effunditur
2119 2792 2411 2866 cogitationis

406 2856 523 2914 idea,
558 2857 680 2904 cadit
702 2857 833 2904 idea
821 2873 869 2903 in
891 2857 1088 2913 nullum,
1123 2857 1172 2904 &
1203 2856 1381 2920 prorsus
1416 2856 1682 2920 diffipatur3
1714 2859 1764 2905 ὅτ
1786 2868 1896 2903 tunc
1917 2856 2024 2904 loco
2045 2853 2144 2918 ejus
2163 2858 2289 2903 venit
2308 2856 2407 2903 idea

411 2934 598 2980 naturae,
633 2923 707 2970 cui
729 2923 883 2970 omnia
903 2923 952 2970 &
973 2921 1144 2985 singula
1163 2923 1457 2979 tribuuntur;
1492 2922 1597 2971 inde
1620 2934 1791 2969 naturae
1813 2921 1990 2970 cultus
1979 2938 2025 2969 m
2049 2921 2192 2970 orbe
2180 2923 2410 2986 imprimis

411 2985 664 3036 Christiano
685 2988 819 3036 hodie
841 3001 935 3036 tam
958 2990 1217 3036 communis
1249 2988 1325 3036 est.

479 3053 621 3118 6877.
657 3055 723 3102 Et
743 3054 898 3102 dicant
918 3055 1047 3111 mihi,
1081 3054 1316 3120 quodnam
1341 3071 1509 3102 nomen
1532 3054 1673 3110 Illius,
1707 3054 1833 3118 quod
1856 3053 2078 3119 significet
2109 3053 2240 3117 quale
2261 3054 2410 3110 Illius,

414 3118 583 3166 constat
618 3135 676 3166 ex
714 3119 1036 3182 significatione
1075 3122 1289 3178 nominis,
1339 3121 1467 3184 quod
1502 3121 1557 3169 sit
1592 3121 1741 3183 quale,
1785 3121 1842 3167 de
1876 3135 1969 3182 qua
2007 3135 2068 3167 n:
2099 3133 2237 3182 1754.
2251 3121 2410 3194 ‘1896.

414 3200 558 3248 2009.
584 3187 778 3234 2628.2
750 3201 893 3298 ἴλη,
921 3186 1064 3249 3006.
1090 3187 1236 3251 6674.
1304 3186 1383 3233 Ex
1413 3187 1522 3244 hoc,
1566 3187 1695 3250 quod
1730 3184 1953 3234 Moscheh
1993 3186 2287 3246 interrogavit
2326 3201 2405 3249 ap

408 3261 566 3312 paret,·
586 3250 728 3314 qualis
787 3263 854 3300 uit
888 3251 1117 3316 posteritas
1155 3269 1212 3302 ex
1240 3252 1433 3314 Jacob0,
1467 3253 1593 3317 quod
1625 3267 1788 3315 nempe
1809 3267 1902 3300 non
1924 3250 2070 3300 solum
2093 3247 2408 3343 oblitinuerint

2197 3317 2423 3365 hominis-
