2912 3770
499 167 904 242 CAPUT
955 138 1542 239 DECIMUM
1594 162 2215 251 QUINTUM.
2280 168 2416 258 -571

418 302 532 351 ficut
554 299 795 367 coniugio,
829 298 1026 364 proinde
1051 311 1172 347 amat
1194 293 1338 346 unum
1358 298 1552 348 aiterum
1573 298 1684 345 licut
1696 296 1865 361 conjux
1881 303 2144 363 conjugem,
2181 296 2289 349 inde
2308 318 2423 366 quo·

420 386 518 435 que
539 367 802 433 conjunstio
826 368 933 415 boni
957 369 1008 415 ὅτ
1041 368 1138 414 veri
1163 378 1458 430 comparatur
1498 366 1544 412 in
1565 365 1718 412 Verbo
1739 363 1976 430 conjugio,
2025 383 2076 414 ac
2101 383 2204 415 vera
2227 369 2274 415 &
2301 370 2421 418 bona

421 453 533 502 quae
557 438 662 484 inde
686 435 926 482 nascuntur
943 445 1172 482 vocantur
1193 433 1276 480 filii
1296 434 1346 481 ὅτ
1366 432 1504 481 filiae:
1541 444 1597 478 ex
1613 431 1680 480 his
1695 433 1895 480 conflare
1914 433 2080 497 potest,
2116 434 2423 499 quodjucun·

414 503 536 552 dum
560 503 818 557 asteffionis
844 503 936 549 veri
963 516 1056 549 non
1081 500 1265 565 aliunde
1290 499 1469 558 causam
1504 498 1641 546 ducat
1663 516 1803 564 quarn
1829 516 1852 547 a
1877 501 2004 549 bono
2027 521 2040 555 ;
2089 501 2176 548 hoc
2201 505 2336 549 etiam
2363 505 2422 552 ab

415 571 699 633 experientia
725 579 869 632 patet,
903 567 983 632 qui
1005 567 1127 616 enim
1156 567 1199 615 in
1224 567 1349 615 bo'no
1367 568 1480 614 vitae
1504 566 1622 622 sunt,
1659 567 1747 614 hoc
1783 567 1864 623 est,
1900 568 1980 632 qui
2003 581 2163 616 amant
2186 569 2343 618 Deum
2369 572 2421 619 δε

417 640 710 702 proximum,
748 636 814 682 ilii
838 635 978 682 etiam
1001 647 1160 682 amant
1183 649 1291 682 vera
1323 634 1433 683 fidei
1456 655 1470 688 ·,
1507 633 1613 681 inde
1639 633 1721 689 est,
1756 634 1881 698 quod
1907 635 2131 699 quamdiu
2157 636 2330 683 bonum
2358 639 2424 684 in-

417 705 520 751 fluit
544 705 593 753 &
618 704 850 767 recipitur,
886 701 1064 749 tamdiu
1083 716 1246 749 verum
1268 713 1481 766 appareat
1498 699 1789 766 jucundum3
1828 701 1900 748 sed
1928 715 1980 749 ut
2005 703 2211 765 primum
2239 703 2420 752 bonum

415 787 510 820 non
535 768 826 824 influit,‚hoc
847 768 929 824 est,
965 781 1017 816 ut
1037 768 1244 832 primum
1274 769 1447 833 malum
1472 766 1800 833 'pra-dominari
1825 769 1875 816 δε
1891 768 2120 817 influxum
2147 769 2255 817 boni
2275 786 2421 818 arcere

419 838 602 902 incipit..
638 835 763 884 illico
783 851 866 899 pro
880 849 994 883 vero
1016 836 1205 884 {entitur
1232 834 1532 898 injucundum
1554 856 1567 889 ;
1606 850 1711 882 nam
1738 850 1897 882 verum
1922 835 1972 883 δε
1996 837 2171 884 maium
2192 839 2232 885 se
2258 850 2422 891 mutuo

414 903 626 968 rejiciunt
643 904 695 952 ὅτ
729 903 1006 951 aversantur.
1077 901 1154 950 Ex
1177 902 1246 950 his
1269 919 1388 951 nunc
1410 902 1614 950 constare
1647 901 1813 966 potest,
1849 918 1929 949 cur
1944 901 2119 966 juffum
2142 917 2191 952 ut
2211 903 2255 950 in
2282 920 2421 965 aquas

414 978 585 1020 amaras
603 966 902 1034 projiceretur
925 969 1128 1032 iignum,
1165 981 1263 1017 tum
1290 986 1372 1018 cur
1392 985 1527 1032 aquae
1562 968 1653 1016 ilice
1676 981 1734 1029 ex
1759 968 1929 1031 injeeto
1954 968 2085 1030 ligno
2109 970 2263 1018 dulces
2285 970 2420 1018 faeta:

413 1038 517 1086 sunt
539 1055 550 1083 τ
576 1038 675 1086 haec
694 1052 981 1102 nequaquam
999 1053 1026 1086 a
1045 1037 1219 1099 Divino
1237 1036 1448 1085 mandata
1468 1023 1663 1096 fuiffe‘nfss
1679 1034 1765 1082 ‘nifi
1783 1035 1889 1082 talia
1908 1035 2415 1099 fignificaviffent,nam

418 1104 651 1155 Divinum
670 1105 825 1167 potuit
842 1103 1012 1167 absque
1030 1103 1160 1167 ligno
1179 1105 1337 1152 medio
1354 1116 1489 1167 aquas
1504 1102 1601 1151 illas
1619 1103 1773 1150 dulces
1790 1102 2000 1152 reddere.

488 1177 634 1235 8357.
673 1171 742 1222 Ibi
779 1170 934 1233 posuit
970 1170 1035 1218 illi
1072 1171 1294 1220 statutum
1329 1172 1379 1220 δε
1405 1170 1652 1235 judicium,
1690 1169 1816 1234 quod
1855 1169 2077 1233 significet
2110 1186 2270 1220 verum
2297 1172 2423 1221 ordi·

416 1239 488 1287 nis
524 1252 633 1286 tunc
667 1238 937 1295 revelatum,
973 1236 1150 1286 constat
1184 1253 1241 1285 ex
1278 1237 1604 1302 significatione
1639 1236 1811 1293 statuti,
1849 1238 1974 1301 quod
2002 1238 2051 1286 fit
2075 1253 2230 1286 verum
2259 1238 2419 1287 Eccle-

418 1303 496 1355 fiae
531 1314 807 1361 externum3
854 1306 905 1353 ὅτ
939 1319 996 1352 ex
1033 1303 1366 1369 significatione
1393 1303 1592 1369 judicii,
1645 1304 1773 1366 quod
1812 1304 1864 1352 fit
1898 1311 2060 1352 verum
2100 1303 2317 1353 Ecclefiae
2354 1309 2421 1355 in-

360 1423 371 1429 ,
416 1385 638 1427 ter‘num3
678 1365 786 1420 in³de
819 1386 988 1435 ponere
1023 1371 1157 1419 alicui
1206 1371 1425 1420 statutum
1461 1373 1511 1420 Sc
1539 1369 1786 1434 judicium,
1822 1371 1888 1419 est
1922 1371 2130 1418 ordinare
2168 1372 2417 1422 secundum

385 1463 388 1466 >
412 1456 538 1500 vera,
563 1437 894 1504 consequenter
917 1439 1115 1486 revelare
1138 1437 1216 1486 illa
1238 1458 1254 1495 ς
1291 1439 1420 1503 quod
1445 1438 1665 1497 statutum
1694 1438 1748 1485 fit
1771 1452 1932 1485 verum
1958 1438 2132 1485 ordinis
2155 1452 2417 1499 externum,

414 1506 480 1555 est
497 1507 606 1571 quia
629 1522 771 1554 omne
789 1519 1030 1555 externum
1052 1505 1270 1554 Eccleffae
1293 1506 1474 1554 dietum
1501 1505 1589 1553 fuit
1609 1503 1846 1562 statutum,
1871 1505 1922 1553 ὅτ.
1944 1521 2085 1555 omne
2113 1522 2274 1555 verum
2293 1509 2419 1556 ordi-

396 1574 490 1622 vnis
518 1577 749 1621 internum
769 1572 948 1620 dietum
975 1571 1326 1635 fuitjudicium.

488 1642 513 1688 8
522 1656 548 1703 3
557 1642 633 1701 58.
671 1639 737 1688 Et
764 1638 832 1687 ibi
868 1639 1064 1687 tentavit
1086 1634 1232 1696 illurn,
1269 1639 1396 1705 quod
1422 1638 1649 1703 significet
1678 1637 1830 1703 quoad
1854 1638 2125 1688 tentationes
2151 1639 2195 1688 in
2229 1655 2413 1702 genere,

413 1703 590 1756 constat
623 1722 682 1754 ex
719 1705 803 1755 illis
836 1721 946 1770 quae
980 1708 1266 1770 praecedunt,
1299 1700 1371 1754 ⁹&
1409 1722 1518 1771 quae
1564 1707 1841 1771 sequunturg
1889 1706 1936 1752 in
1982 1705 2071 1753 illis
2105 1722 2213 1771 quae
2248 1724 2416 1771 praeee-

414 1774 551 1832 dunt,
587 1776 747 1823 aetum
781 1772 846 1820 est
879 1773 939 1822 de
972 1774 1235 1822 'tentatione
1269 1774 1419 1840 prima
1458 1776 1506 1820 in
1545 1773 1759 1827 desert0;
1811 1772 1858 1819 in
1897 1771 1986 1820 iliis
2019 1789 2127 1838 quae
2167 1774 2416 1838 sequuntur

418 1843 571 1904 agitur
607 1841 666 1888 de
707 1839 1001 1888 instructione
1039 1841 1282 1904 quomodo
1301 1842 1498 1908 ‚vivent,
1534 1851 1587 1888 ut
1625 1839 1671 1888 in
1713 1839 2038 1889 tentationibus
2076 1856 2171 1890 non
2208 1843 2417 1892 succum-

416 1908 542 1958 bant.
1442 1947 1445 1949 <
2155 1955 2159 1957 a

483 1977 508 2021 8
518 1988 631 2039 359.
670 1971 736 2022 Et
757 1973 898 2031 dixit,
933 1972 1061 2037 quod
1085 1973 1310 2038 significet
1333 1972 1695 2031 instruffionem,
1730 1972 1904 2022 constat
1921 1989 1976 2020 ex
1995 1972 2326 2038 significatione
2343 1975 2414 2024 di-

414 2054 532 2098 cere,
583 2056 692 2088 cum
730 2057 756 2088 a
779 2039 987 2102 Jehova‘h
1028 2040 1087 2087 de
1124 2050 1234 2089 vero
1250 2041 1421 2089 ordinis
1459 2040 1616 2105 quoad
1651 2041 1925 2098 tentationiS‚
1975 2041 2105 2106 quod
2141 2042 2193 2092 fit
2227 2043 2416 2092 instruc-

417 2107 2410 2177 fi0,utquoqueris6879.6881.6889.6891.7186.7287.7304.7380.7517.

423 2179 518 2224 812
560 2211 572 2222 .
1175 2213 1193 2219 κ
2004 2182 2006 2184 ’

487 2244 511 2288 8
522 2190 635 2303 3760.
691 2240 740 2289 Si
775 2239 1009 2289 audiendo
1043 2242 1272 2291 audiveris
1306 2253 1472 2290 vocem
1503 2240 1717 2305 Jehovae
1763 2241 1856 2290 Dei
1892 2241 1977 2298 tui,
2026 2243 2151 2307 quod
2187 2244 2410 2308 significet

414 2307 559 2357 fidem
595 2316 938 2372 praecept'orum
976 2308 1190 2366 Domini,
1225 2308 1401 2358 constat
1436 2324 1493 2356 ex
1529 2308 1859 2373 fignificatione
1893 2309 2064 2366 audire,
2100 2315 2228 2375 quod
2254 2312 2308 2359 fit
2331 2328 2411 2376 ap-

412 2376 650 2441 perceptio
684 2375 734 2423 δε
767 2364 898 2435 fides,
951 2375 1009 2424 de
1042 2391 1133 2441 qua
1178 2392 1247 2425 n:
1303 2393 1449 2441 3921.
1486 2390 1633 2441 5017.
1677 2376 1846 2438 7216;
1904 2377 1955 2425 ὅτ
1990 2392 2045 2423 ex
2083 2378 2409 2438 significatione

414 2443 540 2489 vocis
558 2442 771 2504 Jehovae,
794 2442 924 2506 quod
948 2440 1003 2490 fit
1025 2442 1317 2492 enuntiatum
1339 2460 1398 2493 ex
1422 2445 1581 2500 verbo,
1606 2443 1665 2492 ita
1689 2456 1976 2508 praeceptum
1997 2444 2213 2502 Domini,
2238 2446 2301 2508 de
2319 2462 2410 2511 qua

419 2524 450 2556 n
472 2526 482 2556 :
510 2509 541 2557 6
566 2519 567 2522 ’
619 2528 658 2559 1.
2276 2533 2286 2538 κ

485 2524 629 2639 839671.
668 2572 734 2623 Et
758 2575 932 2623 re‘etum
955 2577 1003 2623 in
1028 2575 1174 2623 ocuiis
1201 2576 1319 2639 iliius
1349 2574 1524 2633 feceriS,
1560 2576 1688 2641 quod
1721 2575 1944 2638 significet
1973 2575 2119 2625 vitam
2157 2577 2408 2628 secundum

412 2641 510 2700 ilia,
548 2642 722 2702 constat
744 2658 802 2689 ex
826 2642 1152 2706 significatione
1175 2644 1350 2692 redium
1376 2643 1535 2699 iacere,
1570 2643 1699 2706 quod
1725 2643 1777 2690 fit
1800 2643 1956 2690 vivere
1980 2643 2228 2693 secundum
2264 2645 2408 2693 dina-

411 2725 517 2758 men
538 2712 633 2758 veri
655 2731 669 2764 ·,
705 2709 755 2757 &
775 2725 832 2756 ex
858 2709 1187 2770 significatione
1213 2709 1256 2757 in
1279 2709 1421 2757 oculis
1441 2710 1653 2771 jehovae,
1688 2709 1815 2774 quod
1844 2709 1895 2756 fit
1919 2715 2071 2758 coram
2093 2712 2320 2769 Domino,
2347 2713 2407 2760 ita

412 2775 662 2825 secundum
688 2790 914 2840 praecepta
951 2776 1112 2840 Ipfius,
1148 2794 1254 2825 nam
1282 2776 1515 2825 Dominus
1538 2777 1601 2824 est
1626 2777 1669 2823 in
1706 2776 1944 2840 praeceptis
1981 2776 2067 2824 suis
2100 2793 2208 2826 cum
2235 2779 2408 2826 vivitur

411 2840 664 2906 secundum
691 2841 763 2889 illa
785 2864 799 2898 ς
837 2844 872 2890 is
889 2859 1075 2907 quoque
1100 2843 1266 2891 dicitur
1290 2844 1333 2889 in
1359 2844 1500 2890 oculis
1529 2844 1726 2891 Domini
1752 2842 1854 2897 effe,
1891 2844 1969 2907 qui
1994 2845 2039 2891 in
2066 2845 2156 2892 fide
2181 2851 2225 2892 in
2251 2846 2406 2910 Ipsum

337 2964 340 2967 ¹
409 2907 496 2958 est,
554 2909 699 2974 Qud
718 2925 881 2959 vocem
900 2911 1057 2958 audire
1074 2911 1251 2968 attinet,
1276 2909 1498 2971 fignificat
1517 2909 1591 2957 ille
1612 2908 1795 2974 proprie
1811 2910 2143 2968 obedientiam,
2170 2929 2198 2959 n
2218 2930 2229 2959 :
2258 2928 2404 2974 2542.

411 2975 560 3039 3869.
588 2988 715 3036 501'7
738 2998 755 3032 ς
791 2975 870 3024 sed
889 2992 993 3024 cum
1019 2993 1210 3043 quoque
1242 2977 1412 3025 dicitur
1443 2975 1603 3034 facere,
1643 2987 1695 3024 ut
1730 2975 1821 3033 hic,
1876 2988 1984 3024 tunc
2007 2979 2162 3026 audire
2185 2979 2408 3040 fignificat

410 3041 573 3108 fidem,
597 3042 663 3089 ’δε
686 3040 832 3090 faeere
853 3044 999 3092 vitam
1021 3066 1035 3099 ;
1072 3056 1120 3093 ut
1142 3044 1346 3092 constare
1372 3043 1531 3106 potest‘
1555 3060 1580 3091 a
1605 3043 1800 3099 Domini
1824 3044 2005 3099 verbis;
2041 3045 2161 3108 apud
2186 3045 2407 3094 Matthae-

407 3123 490 3156 um
529 3116 561 3138 ‘⁶
585 3107 754 3156 Omnis
788 3112 861 3172 qui
895 3112 1020 3159 audit
1056 3128 1149 3159 mea
1171 3111 1337 3167 verba,
1362 3112 1543 3173 &facit
1561 3126 1627 3167 ea,
1663 3111 1942 3172 comparabo
1973 3112 2073 3159 viro
2098 3113 2325 3174 prudenti,
2362 3126 2409 3161 at

408 3173 754 3226 omnisaudie'ns
776 3177 913 3228 verba
927 3186 1046 3239 mea,
1072 3177 1154 3243 fid
1169 3195 1248 3228 non
1269 3179 1443 3244 faciens
1460 3195 1527 3236 ea,
1564 3177 1901 3242 comparabitur
1935 3177 2035 3228 viro
2067 3178 2207 3229 stulto
2226 3178 2258 3198 ''
2295 3196 2405 3227 vn:

1350 3245 1495 3307 4C2
2321 3262 2403 3306 24.
