2912 3770
461 182 860 312 capui’
906 179 1513 314 DECIMUM
1561 174 2380 306 Qe1NTUM15239'

385 307 407 333 ‚1
422 325 432 331 .
467 325 475 334 .
532 326 535 329 .
702 327 706 331 .
734 313 739 326 ·
763 327 780 334 ,.
795 326 814 332 .,
915 328 921 331 .
2076 332 2080 335 .

453 344 524 403 82
531 357 610 409 74.
647 327 862 409 Jehdiah
885 342 1079 393 Nomen
1098 343 1261 408 Ipsius,
1294 341 1424 408 quod
1449 341 1674 407 significet
1689 340 1813 407 quod
1838 340 1952 390 solus
1971 341 2069 390 fita
2085 357 2182 406 quo
2202 341 2377 398 omnia,

391 408 567 474 'constat
595 425 654 458 ex
689 406 1010 473 significatione
1035 409 1260 459 Nominis
1282 409 1498 471 Jehovae,
1544 410 1670 474 quod
1697 409 1785 456 fint
1806 409 1965 457 omnia
1989 407 2094 455 fidei
2118 408 2168 455 δε
2185 410 2372 466 amoris,

394 476 474 539 seu
508 477 663 530 omnia
688 477 782 524 veri
806 477 856 527 δε
879 477 990 536 boni
1022 478 1068 524 in
1103 476 1371 541 complexu,
1393 491 1487 540 per
1512 492 1620 540 quae
1645 474 1879 524 Dominus
1899 474 2082 531 colitur,
2115 474 2172 521 de
2197 491 2287 540 qua
2310 491 2338 522 n
2360 492 2373 521 ε

396 559 545 607 2724.
568 543 714 606 3006.
740 543 890 608 6674,
928 544 978 592 δε
1000 543 1128 607 quod
1170 543 1215 591 in
1247 546 1459 607 supremo
1494 542 1617 590 sensu
1641 542 1693 590 fit
1713 541 1941 590 Divinum
1964 541 2250 597 Humanum
2274 542 2376 589 Do-

391 612 531 667 mini,
563 616 622 659 n:
651 604 798 658 ‘26284
821 610 966 674 6887,
1002 625 1061 663 ex
1081 611 1194 676 Qo
1217 611 1375 658 omnia
1400 609 1475 657 illa
1487 629 1510 669 ῥ3
1545 607 1727 667 inde&
1747 624 1936 673 quoque
1959 624 2018 656 ex
2039 623 2114 663 eo),
2146 608 2272 670 quod
2297 607 2377 668 Je-

391 676 549 731 hovah
572 675 627 725 fit
644 674 805 751 ipsum⁶
820 675 944 732 Effe,
969 675 1144 734 itaeffe
1161 674 1419 732 omnium,'
1435 686 1576 739 patet,
1611 674 1740 739 quod
1754 690 1838 736 -per
1855 673 2070 735 Jehovah
2089 659 2280 725 Nomen
2299 673 2378 738 Ip-

392 738 517 801 sms,³
537 741 832 806 fignificetut’
887 741 959 789 ‘od
988 741 1226 789 Dominus
1248 741 1364 788 solus
1389 741 1441 789 fit
1464 757 1488 788 a
1508 742 1622 799 Quo
1643 741 1815 796 omnia.
1922 788 1926 789 ⁷

462 813 611 871 8275.
642 806 820 856 'Currus
881 807 1087 856 haraonis
1110 809 1159 856 &
1183 808 1433 856 exercitum
1458 806 1579 855 illius
1601 804 1791 871 projecit
1809 806 1853 853 in
1880 809 2018 862 usare,
2053 803 2177 870 quod
2203 803 2378 868 fignifi-

390 873 466 930 c‘et
484 874 591 926 falsa
618 879 680 922 ex'
711 872 837 922 malo
861 874 907 922 in
932 873 1077 938 specie
1101 875 1151 921 &
1176 873 1224 921 in
1257 888 1421 937 genere
1446 874 1628 922 illorum
1648 873 1732 937 qui
1755 872 1811 919 ab
1837 870 2038 920 Ecclesia
2056 874 2104 920 &
2126 871 2187 917 ibi
2213 871 2258 918 in
2285 870 2380 920 vita

393 941 522 1000 mali,
553 939 682 1004 quod
715 939 758 988 se
779 940 836 988 ad
860 939 1147 1006 praesentiam
1170 939 1314 1003 Ipfius
1336 937 1606 1001 conjecer'int
1627 939 1684 1002 ,in
1711 938 1900 996 inferna,
1935 937 2110 989 constat
2126 952 2182 983 ex
2208 937 2380 1000 fignifi-

390 1008 573 1062 catione
591 1021 821 1064 curruum,
854 1011 981 1072 quod
1006 1006 1092 1061 fint
1115 1005 1238 1063 falsa,
1273 1006 1331 1057 de
1354 1009 1443 1071 qua
1467 1023 1529 1053 n:
1567 1006 1712 1066 8146.
1737 1007 1886 1064 8148.
1914 1004 2060 1066 821'5,
2079 1002 2172 1052 ,hic
2204 1003 2311 1052 falsa
2331 1003 2379 1051 in

393 1074 559 1139 specie,
589 1073 702 1138 quia
723 1073 865 1127 etiam
886 1072 1054 1131 dicitur
1075 1074 1318 1133 exercitus,
1351 1078 1433 1137 per
1458 1087 1602 1138 quem
1626 1067 1933 1134 significantur
1955 1069 2071 1128 ‘falla
2094 1073 2141 1118 in
2179 1085 2345 1132 genere
2363 1090 2381 1125 ς

393 1139 526 1206 quod
557 1139 889 1188 exercitus‘fint
919 1137 1042 1196 falsa,
1075 1139 1284 1194 videatur
1306 1155 1335 1186 n
1359 1156 1372 1186 z
1409 1143 1556 1203 3448.
1585 1139 1730 1202 8138.
1758 1137 2058 1197 8146.‚,8148
2083 1158 2098 1192 ;
2132 1153 2192 1184 ex
2214 1152 2383 1200 reprae·

395 1206 644 1257 sentatione
669 1204 918 1255 Pharaonis
949 1205 1000 1254 ὅτ
1015 1204 1366 1270 AEgyptiorum,
1401 1206 1527 1270 quod
1562 1204 1647 1254 sant
1669 1205 1750 1270 qui
1770 1203 1828 1252 ab
1850 1203 2050 1252 Ecclefia
2073 1202 2118 1252 in
2144 1204 2235 1252 fide
2258 1202 2384 1267 sepa·

397 1284 493 1321 rata
516 1288 566 1321 ac
587 1272 636 1321 in
660 1271 757 1335 vita
774 1271 904 1330 mali,
939 1287 990 1319 ac
1014 1272 1121 1320 inde
1144 1273 1192 1320 in
1227 1272 1364 1320 meris
1386 1269 1502 1320 fallis
1523 1286 1579 1320 ex
1604 1271 1740 1326 malO,
1776 1271 1833 1318 de
1855 1285 1948 1334 qua
1971 1286 2000 1318 n
2022 1288 2033 1317 :
2060 1271 2204 1335 7926.
2230 1273 2256 1316 8
2272 1289 2284 1318 ι
2299 1286 2379 1332 3²·

400 1343 547 1404 8135.
575 1341 720 1402 8138.
741 1341 870 1399 8148
893 1353 1000 1394 ;·ex
1037 1337 1363 1402 significatione
1387 1340 1536 1393 maris,
1573 1337 1649 1385 hic
1674 1337 1807 1384 maris
1832 1336 1980 1401 Suph,
2015 1337 2141 1402 quod
2167 1335 2220 1384 fit
2246 1336 2382 1384 inser-

397 1422 529 1462 num,
563 1405 643 1453 ubi
679 1403 714 1456 ii
732 1405 816 1470 ‘qui
841 1404 1000 1462 inillis
1023 1403 1154 1463 falsis,
1191 1405 1250 1451 de
1267 1421 1359 1470 qua
1395 1421 1453 1453 n:
1480 1407 1627 1468 8099.
1656 1407 1804 1467 8137.
1831 1403 1958 1463 8148
1983 1424 1998 1459 3
2033 1403 2158 1459 inde,
2194 1400 2399 1467 projecit,

399 1471 447 1519 in
473 1487 614 1528 mare,
647 1469 712 1520 est
733 1470 860 1536 quod
886 1469 1080 1534 conjecit
1105 1473 1151 1519 in
1178 1470 1427 1529 infernum,
1462 1468 1510 1518 in
1535 1469 1660 1518 sensu
1685 1470 1863 1534 inte-sno
1886 1468 2014 1535 quod
2040 1469 2204 1533 seipsos
2226 1467 2283 1516 ad
2307 1468 2378 1518 so-

397 1537 492 1593 lam
515 1536 799 1603 praesentiam
826 1537 1020 1585 Domini
1044 1537 1151 1586 illuc
1184 1537 1478 1603 conjecerint,
1514 1535 1726 1587 videatur
1748 1552 1778 1584 n
1799 1553 1826 1589 ε,
1853 1535 1982 1584 8266
2003 1552 2014 1582 :
2068 1551 2126 1584 ex
2149 1534 2219 1583 his
2245 1546 2384 1597 patet,

397 1601 528 1671 quod
549 1619 630 1667 per
649 1619 805 1651 currus
825 1603 1068 1663 Pharaonis
1091 1604 1142 1652 δε
1163 1603 1438 1652 excercitum
1459 1602 1577 1651 illius
1609 1601 1799 1669 projecit
1834 1600 1882 1649 in
1917 1615 2055 1659 mare,
2107 1602 2387 1665 significetur

398 1670 526 1735 quod
549 1668 654 1718 falsa
675 1686 734 1719 ex
757 1670 882 1725 malo·
903 1669 946 1716 in
973 1669 1116 1735 specie
1141 1672 1191 1718 δε
1216 1671 1260 1718 in
1283 1686 1449 1735 genere
1465 1670 1648 1718 illorum
1665 1670 1745 1733 qui
1768 1668 1826 1716 ab
1845 1667 2046 1724 Ecclesia
2070 1669 2118 1717 &
2144 1669 2206 1716 ibi
2226 1671 2269 1716 in
2290 1669 2384 1716 vita

403 1736 529 1792 mali,
576 1736 617 1784 se
641 1737 697 1783 ad
723 1736 1007 1800 praesentiam
1036 1736 1230 1785 Domini
1253 1736 1524 1802 conjecerint
1548 1737 1593 1783 in
1619 1752 1757 1786 mare.
2092 1793 2095 1795 μ

384 1832 387 1836 ,
471 1803 618 1867 8276.
655 1801 1094 1851 Eteleffioducum
1116 1803 1429 1860 tertianorum,
1463 1804 1593 1868 quod
1612 1802 1833 1866 significet
1862 1802 2019 1850 omnia
2038 1817 2144 1859 cum
2181 1799 2384 1863 fingulis,

401 1868 577 1922 constat
599 1883 656 1916 ex
673 1868 999 1932 significatione
1017 1869 1189 1917 ducum
1211 1871 1527 1926 tertianorum,
1563 1869 1690 1934 quod
1717 1869 1801 1917 fint
1822 1871 2090 1917 communia
2115 1867 2195 1930 sub
2216 1868 2384 1931 'quibus

403 1934 688 2000 particularia
706 1935 751 1982 in
778 1934 900 1991 serie,
937 1935 995 1982 de
1019 1952 1108 2000 qua
1129 1952 1159 1983 n
1180 1953 1191 1982 ε
1219 1939 1243 1984 8
1257 1951 1366 1997 150,
1401 1937 1463 1984 ita
1485 1936 1641 1983 omnia
1663 1937 1715 1984 ὅτ
1733 1934 1939 1997 singula;
1975 1951 2080 1982 nam
2100 1949 2209 1982 cum
2227 1935 2387 1981 dicun·

404 2003 479 2048 tur
502 2001 786 2057 communia,
824 1998 1141 2063 intelliguntur
1163 2002 1300 2053 etiam
1333 2001 1614 2066 particularia
1644 2018 1754 2066 quae
1787 2002 1866 2049 sub
1907 2001 1995 2048 illis
2033 2003 2084 2049 ὅτ.
2115 2000 2160 2048 in
2195 2000 2299 2056 illis,
2335 2003 2386 2048 δε

403 2072 587 2132 quoque
613 2066 851 2127 singularia
874 2083 978 2131 quae
999 2066 1437 2131 subparticularibus
1452 2068 1502 2116 &
1522 2068 1566 2114 in
1586 2068 1691 2125 illis,
1728 2084 1832 2116 nam
1850 2083 2099 2116 commune
2115 2065 2280 2131 absque
2298 2066 2387 2114 illis

406 2149 497 2180 non
521 2131 585 2180 est
606 2131 799 2196 aliquid,
835 2130 1234 2199 communeenim
1250 2134 1414 2182 dicitur
1430 2133 1612 2191 abillis,
1647 2133 1831 2198 quia-est
1848 2130 2121 2197 complexus
2144 2132 2348 2196 plurium
2370 2138 2386 2187 ’ς

405 2198 514 2246 inde
546 2197 610 2244 est
640 2198 770 2262 quod
806 2215 884 2262 per
917 2196 1049 2248 duces
1082 2199 1297 2254 tertianos
1320 2201 1629 2262 significentur
1651 2200 1808 2258 omnia
1830 2215 1937 2247 curn
1962 2200 2181 2262 singuiis:
2217 2198 2385 2247 eleffio

405 2265 586 2379 ἳὶςῐωτ,
622 2265 672 2312 &
706 2280 785 2328 per
821 2281 923 2314 eam
960 2265 1265 2329 fignifican'tur
1288 2266 1536 2331 praecipua,
1571 2281 1740 2331 nempe
1764 2265 1886 2323 falsa,
1924 2265 2005 2314 sub
2025 2267 2192 2329 quibus
2216 2265 2404 2330 reliqua

433 2343 528 2379 unt.
1671 2339 1675 2346 ’

479 2400 625 2457 8277.
660 2394 899 2456 Submersx'
918 2397 963 2443 in
990 2397 1103 2449 mati
1129 2388 1273 2463 Suph,
1309 2397 1436 2463 quod
1471 2396 1693 2462 significet
1723 2398 1850 2463 quod
1873 2397 2171 2447 concluserint
2206 2397 2247 2445 se
2272 2397 2391 2446 falsis

406 2479 466 2512 ex
491 2462 630 2516 malo,
663 2461 839 2510 constat
856 2465 915 2514 ex
938 2462 1269 2526 significatione
1294 2465 1540 2528 submergi,
1577 2465 1649 2512 hic
1671 2466 1801 2529 aquis
1827 2464 1960 2512 maris
1986 2466 2134 2530 Suph,
2180 2465 2308 2529 quod
2333 2465 2390 2512 fit

410 2528 650 2578 includere
669 2526 712 2574 se
737 2528 851 2576 fallis
873 2544 931 2575 ex
953 2530 1093 2587 malo,
1129 2546 1211 2595 per
1233 2546 1369 2595 aquas
1391 2530 1514 2578 enim
1542 2531 1660 2579 illius
1685 2535 1821 2580 maris
1844 2531 2150 2594 significantur
2170 2531 2293 2589 falsa,
2328 2547 2389 2581 n:

414 2599 558 2656 8137.
580 2597 705 2655 8138
730 2615 745 2648 ς
779 2595 933 2658 &per
958 2595 1184 2659 submergi
1210 2596 1486 2660 significatur
1507 2597 1674 2645 includi
1700 2617 1716 2651 ·,
1754 2614 1859 2646 nam
1884 2599 1964 2662 qui
1988 2599 2034 2644 in
2060 2597 2244 2645 infernis
2269 2598 2388 2653 sunt,

410 2660 706 2709 includuntur
728 2661 777 2708 ὅτ,
795 2660 1134 2728 circumdantur
1151 2661 1282 2720 falsis,
1320 2663 1574 2727 ficutaquis
1592 2665 1673 2729 qui
1699 2663 2049 2726 submerguntur
2070 2685 2086 2719 ς
2122 2665 2253 2730 quod
2276 2665 2392 2728 seip-

411 2727 485 2776 sos
499 2725 586 2774 illis
611 2725 892 2789 immergant
915 2727 988 2775 seu
1013 2729 1264 2788 includant,
1299 2728 1504 2777 videatur
1528 2747 1556 2777 n
1580 2747 1590 2776 :
1617 2745 1764 2795 7927.
1793 2733 2112 2792 8227.,8228.

380 2830 386 2833 -
421 2800 423 2802 ’
480 2794 627 2853 8278.
664 2793 828 2855 Abyffi
851 2793 1124 2854 obtexerunt
1156 2791 1272 2851 illos,
1308 2795 1431 2858 quod
1457 2795 1682 2858 fignificet
1704 2797 1830 2858 quod
1853 2790 2061 2844 falsitates
2085 2795 2143 2844 eit
2164 2795 2393 2860 cupidita-

411 2859 535 2907 tibus
567 2861 829 2921 operuerint
853 2857 992 2918 illos,
1009 2860 1182 2908 constat
1204 2877 1262 2908 ex
1285 2861 1606 2922 significatione
1622 2861 1900 2925 abyssorum,
1934 2863 2061 2928 quod
2082 2863 2168 2910 fint
2186 2863 2395 2911 falsitates

412 2940 522 2988 quae
542 2939 601 2981 ex
621 2925 942 2989 cupiditatibus
962 2949 976 2982 3
1024 2943 1103 2992 per
1135 2927 1324 2989 Abyffos
1350 2929 1395 2974 in
1414 2927 1572 2976 Verbo
1596 2928 1911 2990 intelliguntur
1935 2944 2065 2992 aquae
2089 2931 2139 2976 δε
2171 2946 2392 2994 aquarum

412 2990 564 3054 copiae
581 2991 628 3035 in
653 2990 907 3054 profundiS,
941 2994 990 3042 δε
1014 3009 1097 3058 per
1118 3009 1256 3056 aquas
1281 2993 1324 3039 in
1345 2993 1465 3040 bono
1483 2993 1607 3042 sensu
1622 2994 1928 3056 significantur
1946 3012 2067 3053 vera,
2105 2999 2153 3044 ὅτ
2178 2997 2222 3043 in
2242 3011 2394 3060 oppo-

416 3056 502 3104 fito
526 3054 648 3112 falsa,
686 3073 745 3104 n:
772 3073 884 3122 739.
909 3073 1021 3124 790.
1043 3074 1189 3123 2702.
1216 3061 1366 3122 3058.
1387 3075 1532 3122 3424.
1553 3062 1700 3123 4976.
1721 3060 1868 3121 5668,
1904 3063 1952 3108 &
1971 3078 2052 3126 per
2070 3061 2290 3125 profunda
2308 3063 2397 3126 fig·

392 3121 657 3171 .⁴11ificantur
678 3121 851 3172 inferna
871 3143 889 3179 ς
942 3127 1048 3176 inde
1071 3124 1133 3174 est
1158 3124 1284 3190 quod
1320 3126 1456 3187 abyffi
1481 3128 1566 3174 sint
1588 3125 1797 3174 falsitates
1832 3143 1889 3175 ex
1921 3128 2257 3192 cupiditatibus,
2296 3143 2395 3176 tum

413 3187 543 3255 quod
567 3187 652 3258 sint
675 3187 864 3238 inferna.
894 3195 899 3199 ’
938 3194 1079 3253 Quod
1116 3208 1199 3258 per
1223 3191 1424 3305 Abzlff'os
1446 3194 1492 3239 in
1511 3193 1667 3242 Verbo
1695 3193 2004 3258 intelligantur
2044 3212 2175 3259 aquae
2223 3197 2270 3308 il}
2294 3212 2400 3259 pro-

411 3260 429 3273 ⁴
454 3259 460 3263 ’
534 3263 536 3265 ’
614 3262 617 3265 ⁴
1382 3274 1409 3319 y
1433 3275 1462 3322 y
1513 3275 1536 3306 2
2271 3261 2402 3310 undis
