2912 3770
519 181 653 251 552
944 155 1020 238 ‘E
1150 156 1237 238 X*
1360 164 1418 234 0
1550 160 1660 237 Ὦ
1766 166 1844 237 U
1928 166 2035 239 ·'S.
2111 186 2124 199 2

518 298 600 347 tiae
626 297 755 360 super
777 297 948 353 omnia,
982 296 1148 344 constat
1172 311 1230 342 ex
1253 308 1371 340 nunc
1393 292 1685 358 sequentibus
1719 302 1752 329 “
1770 293 1895 360 quod
1919 293 2189 359 absorpserit
2211 295 2506 357 illosterrass'

521 379 608 428 per
631 380 737 428 quae
762 363 1034 428 significatur
1057 362 1183 425 quod
1207 376 1264 408 ex
1299 358 1388 406 sola
1423 359 1658 425 praesentia
1693 361 1887 409 Domini
1927 361 2015 431 iilis
2048 362 2284 411 damnatio
2317 363 2393 412 seu
2437 366 2508 412 in·

522 434 744 559 ηΐὲἓῗὸ.
783 494 1018 543 Absorbfit
1035 493 1137 543 illos
1155 503 1288 552 terra,
1312 491 1441 559 quod
1461 491 1682 555 significet
1699 493 1898 558 quod'ex
1917 492 2004 541 sola
2020 493 2255 558 praesentia
2273 488 2508 544 iliisdam-

527 562 656 610 natio
681 564 730 610 δε
755 561 1005 617 infernum,
1041 558 1213 606 constat
1246 576 1304 607 ex
1338 559 1662 622 significatione
1684 559 1908 607 absorberi
1931 576 1955 606 a
1979 574 2108 617 terra,
2145 565 2271 626 quod
2296 562 2352 610 fit
2373 563 2507 610 dam·
2539 581 2555 585 ·

531 629 656 681 natio
679 629 728 676 &
753 626 983 674 infernum
1005 647 1020 682 3
1057 641 1162 673 nam
1190 641 1268 688 per
1290 626 1627 690 absorptionem
1650 625 1774 679 illam
1801 625 2080 690 significatur
2103 627 2311 690 delapsus
2334 628 2408 675 seu
2429 628 2510 674 de·

523 692 666 757 jefflo
689 695 734 740 in
755 692 982 740 infernum
1003 713 1018 747 ς
1057 690 1283 739 infernum
1308 693 1443 738 etiam
1468 691 1529 738 est
1552 689 1666 741 infra
1690 689 1933 755 profunde,
1969 695 2078 757 quia
2102 692 2356 756 longissime
2379 709 2405 740 a
2429 695 2511 754 So-

529 761 573 807 le
596 758 717 815 coeli,
752 759 832 822 qui
867 758 930 806 est
955 758 1205 812 DominuS,
1243 758 1303 805 ibi
1327 757 1390 804 est
1410 758 1715 814 Altiffimum,
1747 759 2026 818 remotiones
2045 758 2211 805 abinde
2234 759 2334 806 sunt
2357 759 2512 807 secun-

531 825 647 872 dum
684 826 907 872 malorum
934 825 980 871 &
1015 824 1119 871 inde
1143 822 1355 871 falsorum
1380 822 1616 888 qualitates
1647 824 1696 870 ὅτ
1719 825 2007 886 quantitates,
2044 823 2149 870 inde
2172 823 2235 871 est
2256 826 2383 888 quod
2403 825 2514 872 Coe-

528 892 628 939 ium
652 903 863 954 appareat
889 890 1018 952 supra
1037 891 1087 937 &
1111 889 1336 937 infernum
1371 888 1519 942 infra;
1554 901 1742 953 apparet
1770 889 1925 945 etiam,
1962 885 2045 937 ubit
2066 889 2130 936 illi
2153 892 2231 954 qui
2269 892 2312 938 in
2348 889 2467 938 falsis
2487 894 2514 937 a

533 957 673 1011 malo,
709 957 900 1021 proinde
922 957 968 1002 in
988 955 1298 1011 damnatione,
1335 954 1444 1002 ficut
1468 967 1581 1001 terra
1604 953 1780 1010 deserti,
1816 969 1924 1020 quae
1955 966 2141 1002 vocatur
2163 966 2277 1004 terra
2298 957 2513 1010 damnata
2542 952 2545 956 ’

527 1022 616 1073 sub
639 1022 761 1069 iilam
784 1021 1069 1084 dejiciuntur,
1104 1022 1182 1084 qui
1207 1021 1252 1067 in
1277 1019 1521 1077 infernum,
1558 1037 1587 1067 n
1608 1037 1619 1067 :
1645 1023 1772 1084 7418
1796 1041 1810 1075 ;
1855 1020 1982 1085 quod
2006 1019 2093 1067 hoc
2115 1035 2172 1068 ex
2196 1020 2285 1068 sola
2310 1021 2507 1085 praesen·b

533 1089 595 1136 tia
616 1086 826 1143 Domini,
862 1087 1071 1134 videatur
1094 1103 1121 1133 n
1143 1104 1153 1132 ε
1183 1087 1343 1141 8266;
1378 1087 1484 1133 inde
1505 1102 1624 1133 nunc
1646 1086 1728 1142 est,
1766 1087 1894 1150 quod
1919 1101 1998 1148 per
2017 1085 2234 1149 absorpsit
2256 1086 2354 1134 illos
2379 1100 2508 1144 terra,

530 1153 809 1217 ffignificetur
833 1153 1066 1200 damnatio
1088 1152 1138 1199 δε
1164 1151 1425 1207 infernum·,
1458 1165 1510 1200 ut
1533 1164 1657 1216 patet
1685 1152 1810 1216 apud
1836 1151 2060 1200 Moschen
2098 1159 2132 1182 “
2150 1151 2379 1201 Moscheh'
2395 1152 2517 1203 dixit

533 1222 592 1268 ad
611 1220 893 1266 Concionem
918 1219 975 1265 de
999 1217 1226 1274 Korach0,
1264 1219 1476 1266 Dathane
1498 1219 1549 1266 δε
1572 1216 1815 1274 Abiramo‚
1854 1217 1884 1263 fi
1908 1217 2186 1265 creationem
2207 1219 2422 1278 creaverit
2440 1218 2517 1280 Je-

532 1285 707 1340 hovah‚
741 1286 790 1332 &
814 1286 1029 1347 aperuerit
1051 1286 1173 1331 terra
1196 1299 1240 1331 os
1265 1285 1409 1346 suum,
1447 1284 1496 1332 &
1519 1283 1767 1346 absorpserit
1802 1282 1908 1340 illos,
1944 1284 1994 1332 ὅτ
2016 1298 2154 1335 omne
2177 1285 2301 1348 quod
2327 1285 2430 1341 illis,
2465 1292 2512 1334 ut

531 1350 777 1414 descendant
798 1353 900 1399 vivi
921 1352 966 1397 in
986 1350 1218 1413 infernum,
1253 1349 1532 1411 cognoscetis
1549 1350 1676 1413 quod
1705 1349 1971 1398 irritaverint
1987 1349 2070 1397 viri
2090 1349 2136 1397 hi
2158 1350 2389 1413 Jehova‘m
2411 1368 2421 1397 :
2460 1351 2514 1399 δε

527 1417 722 1481 disrupta
755 1416 811 1465 el}
845 1426 967 1464 terra
994 1430 1103 1478 quae
1137 1415 1221 1462 sub
1240 1415 1344 1472 illis,
1381 1415 1436 1464 ἔθ’
1458 1417 1627 1477 aperuit
1649 1425 1771 1463 terra
1793 1415 1990 1478 ossuum,
2025 1416 2076 1463 &
2097 1415 2297 1478 absorblit
2318 1417 2428 1473 illos,
2463 1417 2516 1465 δε

532 1482 825 1545 descenderunt
856 1481 938 1540 illi,
974 1483 1025 1530 &
1047 1496 1207 1531 omnes
1230 1480 1312 1546 qui
1338 1481 1441 1538 illis,
1477 1483 1576 1528 vivi
1595 1483 1639 1529 in
1662 1482 1873 1545 irfirnum
1895 1480 1926 1502 '³
1973 1480 2138 1529 Num:
2172 1495 2290 1530 xvi:
2328 1498 2406 1546 30.
2433 1497 2514 1547 313

578 1564 624 1597 2.
718 1585 729 1596 .
2501 1579 2504 1582 >

542 1566 569 1612 3
605 1565 747 1678 833037.
789 1613 970 1662 Duxisti
1011 1614 1056 1661 in
1087 1613 1402 1662 Misericordia
1433 1624 1510 1661 tua
1543 1612 1775 1678 populum
1801 1612 1952 1670 illum,
1987 1612 2111 1678 quod
2137 1613 2358 1677 fignificet
2381 1616 2519 1668 Divi-

533 1696 651 1728 num
673 1681 901 1728 influxum
925 1681 1046 1744 apud
1074 1679 1176 1727 illos
1198 1679 1278 1744 qui
1303 1678 1607 1727 abstinuerant
1639 1695 1663 1726 a
1699 1680 1844 1736 malis,
1880 1679 1927 1726 &
1955 1677 2012 1726 fic
2034 1690 2290 1743 receperant
2322 1681 2517 1739 bonum,

535 1746 710 1794 constat
733 1762 789 1794 ex
815 1746 1142 1809 fignificatione
1165 1746 1330 1793 ducere
1371 1745 1418 1792 in
1459 1744 1778 1802 misericordia,
1814 1747 1940 1808 quod
1967 1745 2027 1793 fit.
2039 1746 2234 1808 recipere
2269 1746 2517 1805 Divinum,

535 1813 589 1859 &
607 1812 711 1874 quia
734 1812 798 1860 illi
838 1811 1059 1874 recipiunt
1082 1811 1308 1858 Divinum
1346 1812 1426 1874 qui
1452 1811 1674 1859 abstinent
1705 1828 1727 1859 a
1754 1812 1899 1868 malis,
1935 1808 2211 1872 significatur
2228 1811 2427 1860 Divinus
2450 1813 2518 1861 in-

534 1877 697 1926 fluxus
726 1877 847 1941 apud
882 1878 996 1925 illoti.
1067 1876 1189 1924 Cum
1216 1876 1531 1924 Misericordia
1552 1878 1813 1925 a‘Domino
1845 1876 1908 1923 ita
1931 1877 1974 1923 se
1997 1875 2164 1930 babet;
2201 1876 2516 1926 Misericordia

538 1944 736 1992 Domini
770 1955 988 2008 perpetua
1018 1942 1082 1990 est
1114 1943 1237 2005 apud
1273 1943 1637 2006 unumquemvis
1677 1942 1933 1998 hominem,
1970 1953 2075 1990 nam
2104 1943 2333 1990 Dominus
2357 1958 2519 1992 omnes

536 2009 766 2067 homines,
802 2021 1098 2072 quotcunque
1121 2011 1238 2064 sunt,
1275 2008 1438 2064 salvare
1460 2008 1597 2062 vult3
1643 2007 1715 2056 sed
1741 2007 2044 2056 misericordia
2061 2007 2140 2056 -iua
2159 2009 2429 2072 >non'potess:
2455 2010 2522 2058 in-

538 2074 676 2125 fluere
697 2075 959 2140 priusquam
996 2075 1115 2122 maia
1148 2087 1324 2122 remota
1348 2076 1470 2130 sunt,
1505 2074 1622 2121 mala
1645 2073 1767 2121 enim
1791 2075 1841 2121 δε
1865 2072 1971 2121 inde
1993 2072 2099 2120 falsa
2120 2073 2301 2122 obstant
2329 2075 2380 2121 &
2405 2075 2523 2124 inhi-

537 2141 685 2196 bent3
722 2153 775 2188 ut
799 2142 1002 2203 primum
1021 2153 1172 2188 autem
1199 2141 1313 2188 mala
1337 2152 1646 2196 removentur,
1683 2139 1833 2187 influit
1852 2130 2181 2196 Misericordia,
2214 2139 2306 2193 hoc
2323 2140 2403 2197 est,
2440 2141 2522 2190 bo·
2545 2189 2547 2191 ,

539 2222 657 2255 num
681 2223 739 2255 ex
763 2205 1079 2254 Misericordia
1101 2222 1126 2253 a
1150 2206 1376 2262 Domino,
1423 2204 1550 2270 quod
1574 2205 1640 2252 est
1660 2204 1849 2253 charitas
1890 2206 1942 2253 &
1981 2204 2092 2252 fides
2112 2221 2123 2251 :
2179 2205 2287 2252 inde·
2322 2204 2523 2255 constare

542 2272 723 2337 potest:
776 2272 905 2335 quod
944 2271 1258 2320 Misericordia
1281 2271 1476 2320 Domini
1513 2271 1565 2320 fit
1597 2270 1872 2326 universalis,
1907 2270 1994 2318 hoc
2016 2269 2095 2326 est,
2131 2284 2238 2332 erga
2256 2286 2434 2329 omnes,
2469 2273 2522 2322 &

538 2354 733 2403 quoque
757 2337 988 2401 peculiaris
1009 2353 1111 2400 erga
1135 2337 1339 2401 illosqui
1363 2336 1586 2384 abstinent
1608 2353 1632 2383 a
1657 2337 1799 2385 maliS.
1871 2332 2114 2384 Abstinere
2151 2353 2197 2383 a·
2217 2336 2340 2384 malis
2375 2338 2523 2388 ho'm'o

546 2405 696 2468 potest
714 2419 774 2452 ex
800 2407 858 2459 se,
895 2403 967 2453 sed
994 2405 1188 2467 recipere
1222 2404 1395 2450 bonum
1432 2417 1522 2450 non
1546 2404 1692 2466 potest
1727 2418 1785 2450 ex
1814 2403 1856 2450 se
1879 2420 1895 2457 ς
1947 2402 2075 2466 quod
2098 2401 2242 2449 homo
2258 2402 2476 2451 abstinere
2497 2420 2525 2452 a

545 2470 678 2519 malis
701 2472 836 2533 poffit
857 2485 881 2516 a
899 2468 964 2528 se,
1000 2468 1193 2534 estquia
1209 2470 1440 2517 Dominus
1463 2469 1682 2517 continue
1718 2468 1876 2516 influit
1915 2467 1975 2514 in*
2002 2467 2284 2516 voluntatem
2322 2468 2525 2518 hominis

546 2551 654 2584 cum
679 2548 843 2583 conatu
866 2535 961 2592 illo,
997 2535 1046 2582 &
1066 2551 1145 2598 per
1163 2534 1211 2581 id
1235 2535 1366 2598 ponit
1386 2534 1432 2581 in
1449 2532 1542 2595 ejus
1564 2535 1709 2583 -libero
1724 2532 1928 2582 desistere
1949 2547 1978 2580 a
2001 2534 2143 2589 malis,
2180 2546 2281 2581 tum
2293 2535 2521 2598 applicare

549 2599 594 2650 se
617 2601 671 2648 ad
691 2601 889 2658 bonum,
921 2601 1060 2648 etiam
1085 2600 1310 2649 Dominus
1328 2600 1407 2647 dat
1425 2599 1465 2646 ei
1491 2597 2053 2663 facuitatemrintelligendi
2071 2608 2250 2658 verum,
2287 2600 2357 2649 sed
2393 2601 2524 2663 quod

545 2683 641 2715 non
666 2667 892 2728 intelligat
915 2666 976 2713 est
998 2668 1107 2730 quia
1131 2681 1220 2713 non
1244 2666 1344 2714 vult
1368 2665 1636 2727 intelligere,
1673 2666 1722 2713 δε
1741 2665 1830 2713 hoc
1846 2677 2032 2728 propter
2047 2666 2218 2714 malum
2243 2665 2365 2727 quod
2390 2667 2517 2724 vitae,

550 2749 655 2780 nam
691 2732 850 2779 falsum
884 2731 1091 2779 defendit
1114 2732 1306 2787 malum,
1343 2732 1391 2779 δε
1413 2745 1574 2778 verum
1599 2733 1783 2780 damnat
1806 2730 1949 2784 illud·,
1994 2730 2099 2776 inde
2121 2730 2186 2776 est
2217 2730 2345 2793 quod
2376 2729 2523 2780 homo
2560 2765 2564 2768 -

549 2798 708 2846 donari
728 2799 850 2846 bono
875 2797 1091 2873 spirituali
1114 2814 1139 2845 a
1162 2797 1370 2845 Domino
1389 2802 1479 2844 nori
1503 2798 1653 2861 poffit,
1691 2797 1752 2846 ita
1766 2810 1855 2844 non
1876 2796 1981 2843 duci
1999 2811 2054 2843 ex
2073 2794 2401 2853 Misericordia,
2439 2798 2521 2847 nisi

549 2863 781 2991 defigggg.
805 2863 1103 2985 mssifflcslemisth
1157 2929 1285 2993 quod
1329 2928 1550 2993 significet
1592 2942 1707 2993 quos
1750 2927 1957 2976 liberavit
1999 2927 2058 2975 ab
2102 2925 2292 2984 inferno,
2348 2928 2522 2978 constat

550 3011 608 3043 ex
633 2995 955 3058 significatione
980 2995 1217 3054 redimere,
1269 2996 1399 3060 quod
1433 2996 1487 3043 sit
1520 2993 1707 3042 liberare
1741 3009 1799 3042 ex
1833 2993 2026 3050 inferne,
2060 2992 2117 3040 de
2151 3008 2240 3065 qua
2276 3009 2339 3041 n:
2376 3003 2521 3058 72'0'5.

558 3076 713 3126 7445·Δ

606 3131 761 3193 8309.
796 3125 1034 3177 Deduxisti
1057 3128 1104 3176 in
1126 3128 1292 3177 virtute
1315 3108 1394 3177 tua
1416 3127 1475 3176 ad
1498 3109 1811 3197 habitacuium
1832 3108 2074 3177 sanffitatis
2093 3136 2202 3185 tuae‚
2236 3125 2363 3191 quod
2386 3100 2530 3187 signi-

2417 3193 2526 3241 ficet

2905 2873 2911 2897 ,Ἀ
2902 2788 2912 2814 «Α
2896 2616 2912 2728 ..wan-m
2899 2578 2912 2608 c<
2903 2535 2912 2566 ts.
2906 2506 2912 2522 .-
2899 2450 2912 2498 aaz.
