2912 3770
848 329 1242 394 CAPUT
1336 304 1964 393 TERTIUM.
2275 322 2406 390 101·

398 453 630 503 ficandum
663 451 858 516 Jehovae
894 453 1015 509 Deo,
1059 453 1184 516 quod
1222 451 1277 500 fit
1315 453 1372 500 ad
1409 451 1665 500 vivendum
1704 449 1951 499 secundum
1991 465 2154 498 verum
2200 450 2248 497 in
2288 448 2401 497 statu

395 521 575 586 prorsus
600 533 775 569 remoto
794 537 819 568 a
839 518 972 576 falfis,
1007 534 1057 565 ac
1096 519 1152 565 ad
1190 518 1434 566 colendum
1472 520 1532 566 ita
1552 518 1812 566 Dominum
1837 534 1897 566 n:
1926 518 2069 583 6904.
2141 517 2400 577 Quomodo

395 602 504 636 cum
539 588 624 635 illis
657 589 739 650 qui
776 588 822 633 in
854 584 962 634 falso
991 584 1108 642 sunt,
1141 586 1222 648 qui
1258 585 1627 649 repraesentantur
1660 601 1742 648 per
1777 599 1934 647 regem
1957 585 2172 648 AEgypti,
2208 582 2334 646 quod
2359 582 2402 629 se

394 667 633 719 opponant
652 654 738 700 illis
759 653 841 716 qui
864 653 910 698 in
935 650 1068 707 veriS‚
1104 649 1146 698 se
1170 650 1318 708 habet,
1354 651 1601 699 dicendum
1622 673 1637 706 ·,
1674 652 1720 697 in
1744 649 1938 707 mundo,
1973 653 2054 713 qui
2078 653 2126 697 in
2148 648 2257 696 falso
2280 649 2400 706 sunt,

394 737 488 769 non
527 721 569 768 se
608 731 756 783 aperte
795 730 1037 782 opponunt
1071 715 1158 763 illis
1196 719 1277 780 qui
1316 718 1364 764 in
1398 734 1525 774 vero,
1576 717 1780 764 inhibent
1822 718 1944 763 enim
1981 716 2161 763 vincula
2200 727 2399 772 externa,

395 803 505 851 quae
523 785 630 834 sunt
650 786 854 841 timores,
890 800 944 831 ne
978 795 1134 831 contra
1166 783 1288 847 leges
1324 785 1452 848 regni
1485 786 1535 831 ὅτ
1565 783 1781 839 Ecclefiae
1815 797 2056 847 appareant
2089 783 2189 839 efl'e,
2226 784 2285 829 ita
2309 798 2402 828 non

394 853 541 900 videri
572 863 820 916 potuerunt
851 863 902 898 ut
925 850 1032 897 boni
1055 851 1197 906 cives,
1229 849 1417 914 quisque
1440 851 1564 897 enirn
1582 847 1728 913 justus
1752 850 1802 897 ὅτ
1824 865 1958 896 verus
1982 851 2027 895 in
2052 861 2232 897 externa
2255 847 2405 895 forma

394 919 497 966 vult
531 920 579 965 in
619 918 797 966 mundo
833 917 993 974 videri,
1029 932 1080 964 ac
1112 917 1313 980 improbi
1348 917 1452 980 plus
1490 932 1629 980 quam
1671 916 1819 980 probi,
1855 915 1917 963 ob
1940 915 2113 964 causam
2140 929 2192 963 ut
2224 916 2401 962 animos

396 995 594 1048 captent,
630 986 680 1032 δε
702 983 857 1031 fallant
878 995 1064 1047 propter
1084 982 1263 1030 lucrum
1287 983 1338 1030 δε
1363 983 1569 1040 honores,
1606 982 1678 1029 scd
1712 984 1831 1029 intus
1866 981 1908 1028 se
1937 995 2179 1046 opponunt
2202 981 2260 1038 se,
2295 997 2403 1028 nam

394 1050 751 1115 quotiescunque
788 1048 983 1098 audiunt
1018 1048 1215 1112 aliquem
1253 1065 1358 1096 vera
1379 1049 1596 1096 Ecclefiae
1628 1049 1918 1112 profitentem
1949 1065 2042 1095 non
2065 1064 2122 1095 ex
2144 1049 2296 1096 officio
2326 1046 2403 1094 sed

396 1133 454 1165 ex
491 1117 609 1175 zelo,
644 1117 767 1182 apud
789 1116 830 1163 se
851 1115 1129 1175 subsannant,
1163 1115 1214 1162 ὅτ
1237 1115 1269 1162 fi
1302 1127 1413 1162 tunc
1446 1131 1539 1163 non
1572 1128 1770 1162 arcerent
1804 1115 1987 1162 vincula
2021 1128 2218 1172 externa,
2253 1127 2405 1178 aperte

395 1184 665 1240 irriderent;
716 1183 822 1230 tales
861 1197 970 1231 cum
1009 1183 1056 1229 in
1093 1182 1276 1229 alteram
1315 1183 1459 1229 vitam
1494 1182 1702 1239 veniunt,
1752 1197 1843 1228 non
1884 1182 2029 1244 magis
2067 1181 2166 1228 illos
2202 1181 2405 1228 inhibent

397 1250 581 1298 vincula
611 1262 809 1307 externa,
846 1265 951 1296 nam
990 1248 1089 1296 haec
1126 1261 1238 1295 tunc
1277 1248 1363 1295 illis
1398 1246 1677 1305 auferuntur,
1713 1263 1768 1294 ex
1792 1247 1935 1304 causa,
1971 1261 2024 1295 ut
2045 1247 2232 1311 quisque
2255 1260 2406 1312 pateat

398 1317 544 1381 qualis
574 1315 668 1372 est;
703 1317 754 1363 δε
777 1329 886 1363 tunc
909 1328 1059 1379 aperte
1083 1314 1125 1361 se
1147 1327 1390 1378 opponunt
1423 1314 1510 1361 illis
1545 1315 1626 1378 qui
1663 1316 1709 1361 in
1742 1316 1860 1361 veris
1891 1314 2006 1370 sunt,
2043 1331 2093 1361 ac
2118 1314 2216 1362 illos
2250 1314 2406 1362 secun-

399 1384 515 1431 dum
555 1398 694 1431 omne
733 1381 942 1446 posfibile'
975 1379 1212 1437 infestant,
1265 1380 1352 1428 hoc
1389 1393 1500 1428 tunc
1540 1381 1625 1428 illis
1669 1379 1732 1427 est
1771 1381 1919 1443 ipsum
1952 1379 2216 1444 jucundum
2258 1382 2404 1436 vitae3

399 1465 599 1514 cumque
635 1449 939 1496 admonentur
973 1465 1029 1496 ne
1064 1447 1169 1496 talia
1205 1447 1385 1504 faciant,
1419 1448 1527 1510 quia
1548 1446 1582 1493 fi
1602 1463 1694 1494 non
1717 1446 1948 1502 desistunt,
1984 1447 2110 1510 quod
2137 1463 2406 1495 removean-

399 1528 476 1564 tur
501 1516 687 1563 tandem
718 1513 913 1580 prorsus,
950 1515 999 1562 δι
1024 1514 1325 1562 detrudantur
1346 1516 1392 1561 in
1425 1511 1685 1568 infernum;
1721 1511 1859 1576 usque
1894 1513 1951 1560 ad
1989 1513 2074 1561 hoc
2114 1514 2226 1560 nibil
2265 1527 2407 1561 atten-

400 1583 535 1639 dunt,
571 1581 643 1630 sed
666 1581 903 1646 persistunt
920 1579 1093 1645 jugiter
1112 1578 1478 1637 in'infestatione,
1513 1593 1566 1626 ut
1598 1581 1667 1643 pri
1703 1595 1755 1635 s,
1792 1594 1898 1626 nam
1930 1591 2106 1627 tanturn
2133 1582 2179 1627 in
2197 1577 2409 1644 jucundo

400 1649 515 1696 vitae
549 1664 607 1696 ex
640 1647 750 1697 falso
784 1647 920 1704 sunt;
955 1647 1043 1695 hoc
1078 1648 1142 1709 ita
1177 1647 1277 1695 illos
1309 1659 1520 1711 occupat,
1556 1659 1610 1694 ut
1630 1595 1741 1693 nillil
1765 1646 2012 1711 quicquam
2036 1646 2164 1710 quod
2187 1647 2249 1694 est
2274 1648 2407 1695 intel·

400 1715 611 1778 ligentiae.
625 1715 897 1770 admittant·,
933 1713 1032 1761 haec
1070 1712 1173 1761 sunt
1205 1729 1311 1778 quae
1331 1713 1640 1777 significantur
1662 1729 1742 1778 per
1764 1713 1892 1778 quod
1914 1730 2007 1761 non
2029 1713 2153 1761 dabit
2175 1714 2306 1761 vobis
2329 1731 2408 1762 rex
2465 1741 2468 1742 ν

401 1782 603 1845 AEgypti
640 1781 698 1829 ad
728 1781 951 1838 eundum,
991 1781 1042 1828 &
1077 1796 1184 1845 quae
1217 1779 1590 1844 repraesentantur
1623 1796 1705 1844 per
1728 1780 2026 1837 Pharaonem,
2062 1781 2190 1845 quod
2214 1782 2346 1828 toties
2367 1781 2409 1829 se

401 1846 695 1912 opposuerit;
733 1848 928 1895 remotio
948 1846 1107 1895 talium
1131 1846 1389 1911 spirituum,
1425 1847 1475 1894 ὅτ.
1498 1846 1694 1895 detrufio
1716 1847 1763 1894 in
1785 1844 2030 1904 infernum,
2067 1847 2411 1911 repraesentatur

399 1929 482 1978 per
502 1914 736 1962 interitum
762 1913 1006 1961 Pharaonis
1031 1915 1078 1960 &
1097 1914 1432 1979 AEgyptiorum
1474 1914 1520 1961 in
1561 1914 1675 1961 mari
1698 1913 1840 1977 Suph.
1910 1914 2011 1973 Qui
2050 1915 2096 1960 in
2138 1915 2260 1961 malo
2298 1915 2409 1962 vitae

402 1996 465 2036 ac⁴
486 1980 595 2028 inde
630 1981 680 2028 in
715 1977 826 2028 falso
862 1979 979 2037 sunt,
1015 1979 1079 2027 illi
1109 1979 1211 2028 sunt
1243 1982 1293 2028 in
1331 1980 1433 2032 luce
1470 1980 1652 2036 mundi,
1688 1995 1795 2026 nam
1833 1978 1896 2026 est
1936 1979 2017 2026 lux
2055 1996 2135 2043 per
2162 1995 2303 2044 quarn
2338 1983 2410 2028 vi·

402 2046 568 2095 dentur
589 2044 765 2111 objecta
785 2045 1112 2104 intellectualia,
1147 2046 1248 2110 haeq
1282 2047 1364 2094 lux
1402 2047 1523 2111 apud
1563 2045 1664 2094 illos
1695 2047 1775 2109 qui
1818 2048 1862 2093 in
1901 2043 2008 2094 falso
2042 2063 2098 2094 ex
2137 2047 2260 2095 malo
2289 2045 2408 2104 sunt,

401 2113 597 2171 rutilans'
618 2113 700 2170 est,
735 2113 785 2160 &
816 2129 913 2176 quo
947 2114 1093 2175 magis
1130 2114 1175 2160 in
1215 2110 1323 2160 falso
1358 2128 1416 2160 ex
1455 2112 1596 2170 malo,
1630 2128 1686 2159 eo
1722 2111 2009 2169 rutilantior;
2045 2113 2189 2177 gloria
2228 2114 2409 2170 mundi,

401 2196 508 2243 quae
542 2196 600 2229 ex
635 2195 788 2228 amore
822 2178 903 2236 sui,
939 2179 1143 2228 accendit
1175 2179 1317 2236 illam,
1353 2180 1402 2227 δε
1442 2177 1549 2227 fecit
1583 2178 1773 2227 rutilum
1813 2177 1941 2243 ejus3
1981 2181 2030 2226 ὅτ,
2068 2181 2176 2244 quia
2215 2181 2292 2237 ita,
2329 2197 2410 2244 ap·

401 2258 559 2310 parent
590 2246 701 2295 inibi
728 2261 836 2293 vera
873 2245 959 2293 illis
998 2245 1177 2310 prorsus
1216 2258 1268 2293 ut
1300 2243 1421 2303 falsa,
1456 2261 1508 2293 ac
1540 2243 1647 2293 salsa
1686 2244 1864 2311 prorsus
1903 2258 1953 2293 ut
1977 2262 2132 2303 rvera,
2169 2246 2293 2294 causa
2329 2248 2408 2305 est,

401 2314 510 2375 quia
542 2314 589 2360 in
613 2310 748 2375 jubar
778 2310 911 2376 hujus
951 2312 1064 2359 lucis
1093 2329 1186 2359 non
1225 2312 1408 2360 influere
1442 2311 1590 2376 potest
1624 2312 1706 2367 lux
1737 2310 1947 2368 coelestiS.
1982 2312 2082 2360 haec
2117 2314 2240 2377 apud
2273 2314 2411 2361 talem

401 2379 553 2426 lucem
597 2378 653 2426 fit
697 2377 879 2442 calig03
938 2379 1043 2427 inde
1087 2379 1168 2436 est,
1216 2376 1343 2442 quod
1380 2378 1489 2427 tales
1527 2379 1573 2426 in
1613 2377 1722 2427 forti
1765 2377 2018 2443 persuafivo
2061 2379 2147 2426 sint
2192 2380 2249 2428 de
2295 2379 2412 2427 falsis

402 2457 558 2493 contra
594 2460 713 2502 vera,
764 2446 874 2509 qnia
908 2445 1067 2492 vident
1112 2445 1187 2492 illa
1226 2447 1287 2492 ita
1326 2446 1370 2492 in
1407 2446 1507 2493 luce
1543 2444 1651 2494 ista:
1705 2457 1751 2494 at
1788 2446 1912 2509 apud
1951 2445 2051 2492 illos
2090 2448 2171 2510 qui
2208 2449 2255 2494 in
2293 2449 2410 2494 veris

402 2512 504 2558 funt
541 2528 598 2559 ex
637 2511 776 2568 bono,
827 2511 908 2558 lux
955 2512 1117 2559 mundi
1158 2528 1249 2559 non
1289 2511 1458 2570 rutilat,
1510 2512 1585 2560 sed
1616 2510 1802 2560 obscura
1839 2510 1937 2568 est;
1986 2512 2066 2559 lux
2105 2525 2254 2561 autem
2299 2514 2411 2561 coeli

400 2577 466 2625 est
499 2578 622 2642 apud
659 2578 761 2626 illos
797 2578 1020 2634 candida;
1055 2579 1105 2626 &
1142 2580 1251 2642 quia
1285 2579 1386 2626 haec
1426 2578 1616 2627 candida
1653 2578 1734 2636 est,
1770 2580 1816 2625 in
1853 2578 1928 2625 illa
1966 2593 2180 2643 apparent
2219 2597 2323 2628 vera
2360 2595 2411 2629 ut

398 2660 520 2702 vera,
571 2660 622 2691 ac
663 2642 765 2691 falsa
800 2656 852 2691 ut
891 2642 1028 2700 falsa3
1082 2661 1186 2691 nam
1233 2661 1343 2692 cum
1379 2646 1541 2694 incidit
1580 2645 1653 2693 illa
1691 2645 1775 2694 lux
1812 2646 1858 2692 in
1904 2643 2027 2700 falsa,
2076 2662 2183 2710 quae
2221 2648 2266 2694 in
2306 2649 2407 2695 luce

399 2711 564 2759 mundi
593 2711 786 2774 separata
818 2726 844 2756 a
874 2710 971 2758 luce
1005 2710 1111 2763 coeli
1148 2717 1372 2775 apparent
1400 2725 1453 2758 ut
1486 2728 1608 2769 vera,
1645 2725 1754 2759 tunc
1780 2727 1871 2758 non
1906 2713 2048 2758 modo
2081 2712 2285 2760 obscurat
2319 2715 2410 2769 illa,

402 2777 476 2824 sed
515 2776 694 2841 prorsus
733 2776 1012 2841 exstinguit;
1048 2778 1147 2824 haec
1183 2778 1280 2834 lux,
1317 2794 1482 2842 nempe
1521 2778 1604 2824 lux
1642 2778 1767 2834 coeli,
1803 2777 1856 2824 fit
1891 2776 2127 2825 succesfive
2174 2782 2319 2844 magis
2359 2783 2409 2828 δε

402 2846 551 2908 magis
571 2844 694 2908 apud
719 2843 820 2891 illos
844 2843 1051 2901 candida,
1086 2844 1135 2891 δε
1161 2845 1343 2891 tandem
1368 2845 1496 2901 adeo,
1533 2857 1584 2891 ut
1618 2845 1700 2892 lux
1741 2844 1905 2891 mundi
1929 2861 2038 2891 cum
2063 2845 2139 2892 illa
2163 2863 2253 2894 non
2280 2864 2410 2895 com-

403 2912 546 2973 parari
568 2923 733 2974 queat:
770 2926 826 2957 ex
866 2911 934 2958 his
974 2923 1159 2974 apparet
1190 2910 1331 2967 causa,
1368 2927 1450 2958 cur
1473 2911 1554 2968 illi,
1590 2913 1671 2975 qui
1709 2913 1756 2958 in
1796 2909 1912 2957 falsis
1951 2927 2007 2957 ex
2047 2913 2168 2959 malo
2205 2912 2321 2970 sunt,
2358 2930 2414 2960 ex

407 2989 501 3023 tam
538 2974 645 3024 forti
685 2976 938 3042 persuafivo
971 2977 1013 3025 se
1045 2989 1279 3041 opponant
1311 2977 1400 3025 illis
1433 2979 1514 3041 qui
1547 2978 1593 3024 in
1617 2979 1758 3034 veris3
1795 2978 1851 3024 de
1873 2993 1963 3041 qua
1986 2979 2269 3042 oppositione
2293 2997 2413 3027 nunc

405 3041 540 3105 supra
558 3043 712 3091 actum
736 3043 813 3090 est.
2444 3084 2449 3085 a

473 3107 617 3173 6908.
655 3109 719 3156 Et
742 3126 834 3158 non
858 3126 995 3158 manu
1020 3107 1144 3167 forti,
1179 3110 1306 3174 quod
1328 3110 1548 3174 significet
1571 3110 1697 3174 quod
1722 3123 1878 3158 contra
1902 3111 2002 3158 illos
2025 3128 2113 3159 non
2150 3112 2414 3175 praevalebit

405 3175 605 3237 potentia
640 3174 824 3222 illorum
862 3177 942 3239 qui
982 3176 1038 3224 ab
1076 3176 1276 3224 Ecclesia
1314 3175 1543 3240 spirituali,
1580 3176 1752 3225 constat
1783 3194 1841 3224 ex
1871 3177 2195 3240 significatione
2229 3195 2411 3236 manus,

405 3239 531 3303 quod
569 3240 623 3287 sit
662 3243 878 3306 potentia,
925 3242 983 3290 de
1018 3258 1108 3305 qua
1144 3260 1204 3291 n:
1236 3247 1343 3308 878.
1373 3248 1514 3308 3387.
1539 3262 1663 3309 493¹
1694 3243 1749 3292 ad
1774 3260 1940 3322 49373
1993 3245 2097 3291 inde
2137 3261 2228 3292 non
2270 3261 2411 3317 manu

1519 3354 1541 3357 —
1968 3351 1974 3354 ,
2304 3316 2413 3360 torti
