2912 3770
454 91 2180 233 CAPUTDEGIMUM-QUINTUM
2271 150 2408 234 537

422 291 423 296 ’
482 283 630 345 8271.
668 282 733 331 Et
767 281 978 338 exaltabo
993 280 1167 344 Ipsum,
1203 272 1331 343 quod
1369 275 1592 341 significet
1623 273 1750 340 quod
1788 275 1923 323 etiam
1965 290 2086 321 nunc
2105 259 2213 337 'Ipfi
2252 274 2403 326 cultus

410 346 630 404 Divinus,
664 349 838 397 constat
859 362 915 396 ex
937 347 1264 409 significatione
1282 343 1492 400 exaltare,
1529 359 1638 396 eum
1665 341 1828 389 dicitur
1851 341 1910 387 de
1942 340 2131 388 homine
2164 342 2291 405 quod
2324 356 2402 388 ex·

411 413 571 463 uitabit
590 414 840 476 Jehovam,
874 415 1002 479 quod
1038 411 1287 467 fitcultuS,
1323 425 1429 457 nam
1459 410 1604 458 cultus
1623 409 1818 458 Divinus
1841 407 2040 455 consistit
2062 407 2106 454 in
2127 407 2398 456 exaltatione

413 479 608 529 Domini
636 481 882 546 respective
906 481 960 528 ad
986 478 1048 537 se,
1085 478 1215 543 quod
1237 478 1292 525 fit
1316 476 1566 526 secundum
1590 475 1781 540 gradum
1802 473 2132 531 humiliationis
2157 474 2218 520 sui
2243 489 2396 522 coram

351 563 356 566 ·
413 546 661 604 Domino3
694 546 962 596 humiliatio
978 545 1043 593 est
1065 543 1291 597 effentiale
1319 544 1467 592 cultus
1479 543 1674 598 Divini;
1710 558 1816 590 cum
1836 542 1979 589 homo
2003 541 2048 588 in
2074 542 2160 589 hoc
2182 541 2397 588 essentiali

413 613 494 670 est,
529 626 638 664 tunc
659 613 722 662 est
755 616 802 661 in
833 614 950 662 statu
985 610 1229 676 recipiendi
1253 626 1279 657 a
1303 611 1515 658 Domino
1537 626 1698 658 verum
1721 608 1846 673 quod
1864 608 1973 655 fidei
1992 609 2048 659 ,δι
2072 607 2243 655 bonum
2269 606 2397 671 quod

406 679 649 737 charitatis,
684 679 1010 744 consequenter
1037 679 1085 725 in
1119 676 1235 725 statu
1259 675 1437 723 colendi
1462 675 1618 739 Ipsum
1639 693 1651 722 ε
1686 677 1719 724 fi
1740 687 1891 724 autem
1911 675 2056 723 homo
2078 673 2249 722 exaltat
2266 675 2306 721 se
2324 689 2400 722 co-

411 760 509 794 ram
528 746 756 803 Domino,
790 757 897 794 tunc
920 744 1092 792 claudit
1115 742 1330 791 interiora
1353 742 1520 791 mentis
1543 742 1636 790 suae
1657 759 1741 807 pro
1764 743 2022 806 receptione
2046 741 2153 789 boni
2178 742 2227 788 &
2251 742 2344 786 veri
2369 756 2397 787 a

409 811 640 861 Domino.
711 811 841 875 Qid
866 811 1060 860 exaltare
1092 808 1171 869 se,'
1192 823 1303 858 cum
1336 807 1502 857 dicitur
1523 807 1826 858 de‘Domino
1845 810 1974 872 quod
2007 808 2103 872 lpse
2140 807 2181 855 se
2205 806 2392 865 exaltet,

410 877 620 926 videatur
642 878 773 942 supra
796 895 858 926 n:
885 878 1032 939 8264.
1063 906 1068 912 ·
1282 888 1284 890 ’
1880 904 1882 906 -
2035 896 2039 908 “
2080 877 2086 880 ’

477 943 623 1007 8272.
659 945 780 992 Vers
791 961 802 992 t
842 962 886 1009 3.
923 962 973 1005 4.
1012 958 1058 1006 5.
1126 940 1326 1006 Jehovah
1346 943 1423 989 vir
1444 940 1558 998 belli,
1595 941 1798 1004 Jehovqh
1815 941 1979 1004 Nomen
2004 940 2152 1002 Ipsius.
2224 939 2393 987 Currus

407 1010 656 1060 Pharaonis
677 1009 734 1061 ξεῖ
759 1013 987 1065 exercitum
1007 1011 1123 1060 illius
1139 1010 1320 1074 prffecit
1341 1010 1387 1056 in
1408 1023 1559 1062 mare3
1598 1008 1652 1056 ΕΒ
1674 1009 1816 1056 εἶεὲῗίο,
1835 1007 1986 1056 ducum
2003 1009 2284 1054 tertianorum
2292 1006 2395 1068 sub-

404 1091 526 1126 metz
550 1080 596 1126 in
628 1081 743 1126 mari
777 1078 908 1143 Supb.
975 1075 1115 1142 Abyffi
1136 1075 1382 1124 obtexerunt
1403 1073 1511 1131 illos,
1548 1072 1839 1138 descenderunt
1860 1077 1905 1123 in
1933 1072 2253 1138 profunditates
2275 1072 2394 1131 ficut

404 1143 530 1204 lapis.
598 1143 807 1205 Jehovah
824 1143 896 1192 vir
917 1143 1040 1199 belli,
1075 1143 1300 1207 fignificat
1315 1140 1438 1206 quod
1460 1132 1694 1205 Domitius
1711 1154 1868 1190 contra
1884 1139 2041 1189 omnia
2059 1139 2175 1188 mala
2198 1140 2249 1186 &
2271 1138 2393 1194 falsa,

407 1225 519 1274 quae
544 1210 603 1258 ab
627 1210 831 1269 infernis,
869 1223 1042 1259 tutetur
1063 1226 1074 1256 :
1123 1207 1338 1272 Jehovah
1361 1222 1530 1255 nomen
1555 1205 1715 1270 Ipfius,
1752 1207 1978 1270 fignificat
1998 1207 2129 1271 quod
2153 1204 2271 1253 solus
2296 1205 2347 1252 fit
2368 1221 2394 1252 a

408 1278 520 1341 Qo
543 1276 701 1327 omnia
721 1294 733 1325 ε
779 1292 931 1326 currus
953 1274 1197 1325 Pharaonis
1218 1274 1268 1322 &
1290 1273 1544 1322 exercitum
1568 1273 1689 1322 illius
1714 1273 1902 1339 pro'ecit
1926 1274 1970 1320 in
1998 1289 2135 1330 mare,
2171 1271 2394 1334 significat

405 1339 515 1390 'falsa
542 1358 600 1391 ex
624 1343 815 1392 maloin
841 1344 986 1408 specie
1009 1343 1059 1391 δι’
1083 1341 1129 1389 in
1152 1355 1316 1404 genere
1352 1338 1538 1392 illorum
1578 1340 1659 1404 qui
1682 1343 1742 1388 ab
1819 1341 1989 1396 eclesia,
2027 1341 2077 1388 δε
2113 1339 2176 1396 ibi
2212 1340 2259 1385 in
2298 1338 2394 1386 vita

375 1467 378 1469 ‚
406 1408 534 1466 mali,
567 1410 695 1473 quod
719 1409 761 1459 se
784 1409 842 1459 ad
866 1404 1150 1474 praesentiam
1172 1407 1314 1471 Ipsius
1342 1404 1612 1475 conjecerint
1647 1406 1690 1454 in
1716 1406 1914 1456 inferna:
1950 1407 1999 1454 &
2023 1404 2187 1454 electio
2217 1406 2391 1451 ducum
2450 1451 2461 1454 ,,

404 1476 723 1533 tertianorum,
757 1476 985 1540 fignificat
1001 1475 1159 1524 omnia
1174 1487 1284 1522 cum
1302 1472 1523 1535 lingulis:
1560 1471 1775 1523 submersi
1797 1473 1841 1521 in
1863 1474 1978 1522 mari
1995 1471 2142 1536 Suph,
2170 1471 2395 1533 fignificat

404 1541 534 1606 quod
553 1541 853 1591 concluserint
870 1543 912 1590 se
931 1541 1046 1590 falfis
1065 1557 1122 1590 ex
1140 1540 1295 1588 malo:
1331 1538 1762 1603 abyffiobtexerunt
1779 1540 1896 1598 illos,
1933 1540 2153 1604 fignificat
2170 1537 2295 1603 quod
2316 1533 2395 1584 fal-

405 1609 550 1656 fitates
569 1625 625 1656 ex
641 1603 962 1674 cupiditatibus
980 1606 1242 1672 operuerint
1258 1606 1360 1654 illos
1379 1622 1390 1652 :
1425 1604 1753 1657 descenderunt
1777 1609 1822 1655 in
1847 1605 2176 1671 profunditates
2195 1604 2308 1652 ficut
2331 1604 2394 1651 la-

400 1674 492 1739 pis,
529 1675 755 1739 fignificat
771 1676 898 1741 quod
915 1676 972 1723 ad
990 1673 1201 1722 inferiora
1218 1672 1329 1738 lapfi
1353 1671 1436 1721 fint
1453 1673 1564 1720 ficut
1580 1688 1638 1720 ex
1659 1674 1803 1737 gravi.

475 1744 622 1809 8273.
659 1742 870 1806 Jehovah
894 1743 967 1789 vir
983 1740 1106 1797 belli,
1140 1740 1269 1804 quod
1287 1738 1513 1801 fignificet
1534 1739 1662 1802 quod
1680 1739 1921 1799 vDominus
1942 1752 2098 1790 contra
2117 1739 2273 1788 omnia
2295 1757 2393 1788 ma-

401 1805 444 1854 la
469 1808 518 1855 &
538 1806 665 1865 falsa,
701 1823 808 1873 quae
831 1808 889 1856 ab
911 1806 1110 1864 inferniS,
1157 1815 1349 1862 tutetur,
1383 1805 1556 1866 constat
1572 1805 1974 1871 exfignificatione
1988 1809 2077 1856 viri
2098 1807 2226 1864 belli,
2262 1809 2392 1873 quod

400 1872 457 1921 fit
483 1876 561 1938 qui
580 1887 738 1923 contra
760 1873 864 1923 falsa
887 1876 938 1924 δε
961 1875 1096 1931 mala,
1133 1872 1218 1920 hoc
1232 1871 1321 1933 est,
1355 1883 1510 1920 contra
1536 1869 1724 1931 inferna,
1756 1875 2000 1938 pugnat&
2021 1875 2189 1930 vincit,
2213 1874 2286 1922 hic
2307 1875 2389 1939 qui

400 1937 642 1994 hominem
665 1953 822 1989 contra
846 1941 920 1989 illa
945 1937 1152 2002 tu'ratur3
1185 1948 1313 1996 nam,
1333 1951 1386 1987 ut
1406 1937 1531 2003 prius
1548 1931 1770 1989 ostensum
1787 1941 1866 1998 est,
1885 1941 2116 1990 Dominus
2139 1941 2256 1988 solus
2270 1957 2390 2004 pug-

399 2017 478 2054 nat
500 2022 585 2070 pro
606 2006 814 2065 homine,
849 2009 899 2056 &
923 2019 1092 2055 tutatur
1116 2004 1273 2062 illum,
1300 2019 1408 2052 cum
1429 2003 1726 2070 impugnatur
1742 2009 1800 2055 ab
1822 2007 2025 2066 infernis,
2060 2010 2110 2056 &
2136 2007 2223 2055 hoc
2244 2010 2390 2055 conti,-

399 2087 509 2129 nue,
546 2073 778 2136 imprimis
798 2074 846 2122 in
871 2072 1210 2129 tentationibuS,
1245 2086 1351 2136 quae
1375 2071 1476 2119 lunt
1497 2087 1674 2136 pugnae
1711 2073 1991 2138 spirituales:
2040 2074 2278 2123 Dominus
2320 2074 2389 2122 vir

399 2138 507 2186 belli
525 2139 778 2202 appellatur
794 2155 853 2205 ex
874 2156 930 2201 eo
953 2141 1179 2204 primum,
1211 2137 1361 2202 quod,
1384 2152 1491 2195 cum
1515 2138 1561 2185 in
1587 2140 1765 2188 'mundo
1790 2139 1895 2198 fuit,
1933 2139 2064 2197 solu3‚
2100 2141 2187 2188 hoc
2210 2141 2290 2196 est,
2328 2157 2387 2190 ex

399 2205 443 2252 se
464 2205 738 2269 pugnaverit
756 2219 914 2256 contra
937 2205 1129 2263 inferna,
1166 2219 1273 2268 quae
1297 2216 1403 2251 tunc
1420 2205 1575 2268 quoad
1612 2205 1784 2270 plurem
1810 2221 1988 2272 partem
2006 2219 2158 2272 aperta
2181 2205 2385 2264 fuerunt,

395 2272 450 2338 ,ὅτ
472 2286 649 2328 omne3‚
685 2285 985 2337 quotcunque
1010 2272 1056 2319 in
1073 2272 1260 2320 alteram
1286 2264 1718 2332 vitamveniebant,
1754 2274 2135 2338 aggrediebantur
2156 2275 2204 2322 δι
2232 2272 2385 2338 subju-

396 2353 503 2400 gare
520 2338 830 2388 conabantur:
864 2337 990 2388 causa
1008 2338 1137 2404 quod
1159 2336 1385 2384 diabolica
1410 2337 1556 2396 turba,
1593 2337 1681 2387 hoc
1696 2339 1776 2398 est,
1813 2341 1983 2390 inferna
2005 2351 2113 2389 tunc
2136 2341 2196 2391 ita
2218 2342 2384 2406 graffa-

397 2416 572 2460 rentur‚
609 2417 702 2452 erat
730 2404 1099 2470 quia-Divinum
1129 2403 1341 2452 tranfiens
1361 2418 1447 2468 per
1469 2403 1676 2463 Coelum,
1726 2408 1853 2472 quod
1877 2421 1979 2456 ante
2003 2408 2256 2456 adventum
2283 2410 2385 2457 Do-

399 2469 513 2517 mini
540 2471 764 2518 Divinum
794 2473 1071 2520 Humanum
1103 2470 1202 2526 fuit,
1238 2485 1330 2516 non
1369 2468 1514 2517 valuit
1547 2484 1704 2520 contra
1741 2475 1856 2522 mala
1897 2475 1946 2522 δε
1987 2473 2108 2531 falsa,
2144 2490 2252 2539 quae
2289 2489 2382 2524 tam

398 2535 678 2584 immensum
711 2539 844 2586 aneta
878 2536 1076 2594 fuerunt,
1113 2537 1280 2584 idcirco
1302 2534 1392 2600 Ipsi
1419 2536 1598 2584 Divino
1629 2539 1795 2602 placuit
1826 2541 2108 2589 Humanum
2143 2544 2380 2598 assumere,

394 2603 446 2649 &
471 2602 556 2649 hoc
583 2602 999 2666 Divinum’faeere,
1020 2605 1068 2652 δε
1095 2617 1200 2651 tunc
1226 2601 1356 2649 fimul
1380 2610 1459 2664 per
1481 2617 1661 2665 pugnas
1683 2607 1729 2653 in
1754 2606 1796 2654 se
1817 2607 2027 2655 admiffas
2049 2609 2226 2655 turbam
2254 2609 2380 2656 illam

394 2667 662 2716 diabolicam
688 2670 731 2717 in
752 2664 924 2717 inferna
942 2668 1177 2733 conjicere,
1214 2669 1262 2716 &t
1288 2667 1350 2715 ibi
1370 2667 1622 2727 includere,
1657 2688 1709 2719 ac
1734 2672 1947 2735 subjicere
1967 2675 2099 2722 coelis
2120 2696 2133 2729 ·‚
2169 2677 2219 2722 &
2245 2675 2380 2724 simul

395 2734 536 2802 etiam
562 2735 680 2797 ipsos
702 2738 847 2783 coelos
872 2736 917 2783 in
942 2737 1152 2784 ordinem
1179 2732 1380 2796 redigere
1401 2757 1415 2791 3
1449 2748 1507 2780 ex
1533 2734 1601 2782 his
1623 2741 1795 2800 pugnis
1820 2741 2048 2788 Dominus
2074 2741 2275 2805 primum
2298 2758 2381 2788 vo-

394 2813 522 2848 catur
548 2803 629 2849 Vir
651 2801 749 2850 belli
766 2824 782 2856 ·,
831 2804 882 2851 ὅτ
906 2801 1076 2867 postea,
1111 2801 1260 2866 quod,
1295 2817 1400 2850 cum
1424 2801 1486 2847 ita
1509 2801 1886 2863 vicerat'inferna,
1935 2807 1984 2855 δε
2009 2807 2194 2869 Justitia
2216 2807 2377 2866 faetus,

395 2882 453 2912 ex
473 2867 643 2914 Divina
667 2869 872 2933 potentia
897 2882 1068 2917 tutetur
1093 2867 1316 2926 homines,
1349 2869 1401 2915 δε
1427 2866 1514 2912 hoc
1535 2873 1772 2930 continue,
1808 2874 1856 2920 &
1883 2874 2004 2937 impr
2025 2875 2111 2920 mis
2139 2875 2179 2920 in
2208 2877 2379 2938 pugnis

395 2933 718 2981 tentationum.
790 2935 932 3001 Qod
960 2935 1191 2984 Dominus
1216 2934 1350 2981 Solus
1373 2936 1422 2981 &
1447 2948 1502 2998 e‘x
1528 2934 1584 2982 Se
1610 2940 1884 3001 pugnaverit
1913 2955 2067 2988 contra
2101 2941 2288 2997 inferna,
2326 2944 2375 2989 δε

335 3005 339 3009 ’
393 2998 555 3045 vicerit
587 2998 677 3055 illa,
715 3000 776 3064 ita
814 3001 936 3067 apud
977 3001 1159 3050 Esaiam
1196 3008 1229 3029 “
1251 3001 1472 3062 RejeHum
1508 3002 1564 3058 est
1600 3013 1716 3050 retro
1745 3005 1958 3067 judicium
1981 3006 2222 3069 &justitia
2245 3023 2267 3054 e
2290 3009 2379 3055 lon-

386 3065 547 3128 ginquo
571 3065 710 3124 stetit,
740 3083 841 3117 nam
879 3070 1050 3131 impegit
1080 3070 1125 3115 in
1157 3068 1301 3130 platea
1333 3071 1518 3122 veritas,
1557 3070 1612 3118 ΕΒ)
1635 3071 1838 3119 restitucio
1861 3089 1943 3120 non
1978 3074 2105 3136 potest
2142 3073 2377 3127 advenire3

390 3129 493 3178 dum
525 3134 690 3200 peritas
712 3133 890 3195 sublata
914 3135 983 3195 (st,
1016 3135 1076 3184 ff&
1100 3133 1291 3183 recedens
1313 3150 1341 3179 a
1366 3134 1477 3183 malo
1503 3135 1710 3203 insanusq
1742 3138 1858 3187 vidit
1882 3139 2114 3202 Jehovah‚·
2137 3138 2192 3188 Β
2216 3142 2374 3187 malum

1258 3200 1305 3247 Y
1339 3217 1366 3263 y
1407 3219 1432 3263 y
2277 3208 2377 3270 fuit
