2912 3770
457 202 603 273 310
869 177 1951 258 EXoDwS.

446 315 514 362 &
546 328 602 361 ex
636 307 1030 375 repraesentatione
1054 309 1318 367 Pharaonis,
1352 308 1476 373 quod
1501 308 1586 358 sint
1617 308 1698 374 qui
1723 308 1948 366 infestant,
1984 307 2041 361 de
2070 324 2183 374 qua
2202 314 2264 357 n'2
2266 322 2435 375 7107·

463 395 611 444 7110.
650 379 792 441 7126.
833 382 978 437 7142.
1004 386 1149 438 7220.
1188 377 1337 449 7228.
2494 396 2498 399 «

535 459 680 508 7539.
719 442 784 490 Et
818 443 939 488 dicas
961 441 1026 487 ad
1069 441 1222 497 illurn,
1258 441 1319 488 ita
1352 440 1471 489 dixit
1510 440 1717 500 Jehovah
1754 442 1879 491 Deus
1918 440 2256 498 Hebraeorum,
2304 405 2446 506 quod

456 510 695 584 *significet
735 509 1006 555 mandatum
1044 522 1069 552 a
1099 507 1325 563 Domino,
1379 509 1460 571 qui
1485 507 1614 555 Deus
1646 507 1872 563 Ecclesiae,
1926 506 2097 554 constat
2136 522 2192 553 ex
2225 507 2448 568 significa-

469 577 596 623 tione
627 575 791 628 dicere,
842 587 948 620 curn
982 586 1007 617 a
1042 573 1258 636 Jehovah
1295 573 1385 622 seu
1404 573 1615 620 Domino
1648 573 1705 620 ad
1745 573 1843 621 illos
1872 574 1954 636 qui
1992 572 2037 619 in
2079 573 2167 619 mal
2175 573 2210 618 is
2250 572 2352 620 sunt
2388 573 2442 619 δε

466 640 695 697 infestant,
747 639 872 701 quod
909 636 961 683 sit
995 638 1280 696 mandatum,
1332 650 1381 695 ut
1414 655 1472 684 n:
1507 638 1650 701 7036.
1688 653 1849 702 7310,
1902 654 1960 685 ex
1990 637 2318 702 significatione
2351 638 2461 684 He-¹

467 707 715 762 braeoru,m
750 703 875 767 quod
902 702 985 750 sint
1002 703 1060 749 ab
1085 703 1300 761 Ecclesia,
1337 704 1398 751 ita
1418 704 1631 759 Ecclefia,
1665 704 1722 750 de
1744 720 1836 768 qua
1860 720 1914 751 n:
1944 704 2088 776 6675.
2116 706 2259 762 6684.
2291 703 2454 767 6738·,
2459 739 2464 745 .

469 773 599 837 quod
625 769 854 833 jehovah,
889 767 968 818 ubi
1006 769 1267 817 nominatur
1302 772 1346 817 in
1372 769 1549 824 Verbo,
1579 770 1633 816 fit
1673 770 1902 817 Dominus
1941 770 2020 831 qui
2063 769 2346 830 intelligitur,
2383 770 2452 815 vi-

461 834 1051 897 ·deaturn:1343.1736
1082 849 1227 899 2921-
1263 849 1410 896 3023.
1440 849 1583 897 3035.
1611 849 1758 894 50¹1·
1784 834 1928 897 5663.
1954 835 2098 882 6280.
2127 836 2269 883 6281.
2308 836 2454 897 6303.

468 904 620 966 6905.
659 903 803 963 6945.
831 900 994 964 6956,
1046 900 1106 948 ita
1129 899 1341 961 Jehovah
1378 901 1508 948 Deus
1532 900 1843 948 Hebraeorum
1877 901 1942 948 est
1965 900 2195 949 Dominus
2217 900 2299 964 qui
2324 901 2456 983 Deus

470 968 712 1018 Ecclesiae.

544 1049 687 1098 7540
726 1031 925 1081 DImitte
950 1032 1179 1096 populum
1204 1047 1380 1088 meum,
1434 1032 1483 1080 Sc
1508 1031 1700 1081 serviant
1724 1031 1868 1089 Mihi,
1904 1030 2030 1095 quod
2065 1003 2287 1094 significet
2308 1044 2359 1079 ut
2384 1047 2457 1079 re-

471 1099 684 1162 linquant
704 1099 804 1146 illos
822 1098 901 1162 qui
926 1102 981 1146 ab
998 1098 1190 1146 Ecclesia
1217 1097 1452 1162 spirituali,
1487 1112 1538 1147 ut
1559 1099 1708 1148 colant
1732 1099 1991 1159 Dominum
2018 1097 2179 1146 Deum
2204 1095 2353 1155 suum,
2389 1099 2456 1145 vi·
2465 1121 2468 1124 ·

474 1165 636 1213 deatur
654 1165 780 1227 supra
805 1180 858 1211 n:
888 1179 1032 1224 7500,
1067 1164 1147 1211 ubi
1185 1164 1345 1213 similia
1369 1164 1530 1211 verba.

548 1246 573 1294 7
581 1247 692 1291 54¹
731 1229 855 1294 Qia
875 1231 971 1278 vice
990 1231 1070 1278 hac
1092 1229 1200 1292 Ego
1218 1230 1400 1278 mittens
1417 1245 1576 1282 omnes
1595 1228 1748 1291 plagas
1768 1243 1904 1286 meas,
1942 1229 2066 1294 quod
2092 1228 2313 1292 significet
2331 1228 2456 1292 quod

390 1320 393 1323 ·
476 1297 579 1345 fieri
602 1296 743 1359 poffet
764 1307 813 1343 ut
834 1296 991 1343 omnia
1010 1295 1126 1343 mala
1143 1309 1328 1344 ventura
1347 1296 1391 1343 in
1417 1295 1515 1344 illos
1539 1295 1670 1344 simul
1693 1298 1924 1352 irruerent,
1959 1295 2131 1343 constat
2153 1310 2209 1342 ex
2234 1294 2472 1358 fignificaa

471 1363 606 1410 tione
631 1362 883 1434 plagarum,
917 1362 1044 1426 quod
1069 1363 1154 1410 sint
1177 1361 1311 1419 mala,
1347 1362 1420 1410 hic
1445 1363 1564 1410 mala
1586 1373 1792 1416 ventura,
1828 1361 1968 1425 usque
2000 1361 2115 1408 dum
2149 1362 2195 1407 in
2229 1359 2460 1408 infernum

481 1427 663 1492 prorsus
682 1427 1022 1501 conjicerentur,
1041 1444 1177 1492 quare
1194 1427 1361 1476 dicitur
1377 1444 1534 1476 omnes
1553 1426 1738 1492 plagae,
1773 1428 1824 1475 &
1841 1443 1897 1475 ex
1917 1426 2242 1489 significatione
2259 1425 2457 1501 mittere,
2494 1486 2497 1489 ι

481 1493 610 1557 quod
635 1493 721 1540 sit
711 1508 896 1549 irruere,
934 1493 1086 1556 plagae
1119 1493 1241 1542 enim
1266 1494 1341 1544 seu
1364 1494 1482 1542 mala
1505 1510 1596 1542 non
1629 1509 1654 1541 a
1680 1493 1893 1556 Jehovah
1927 1494 2001 1541 seu
2033 1491 2250 1542 Domino
2284 1493 2463 1540 immit-

483 1571 660 1615 tuntur,
698 1558 771 1607 sed
797 1559 854 1605 ab
872 1558 968 1621 ipso
992 1559 1121 1632 malo
1148 1560 1360 1615 irruunt,
1399 1560 1572 1609 malum
1605 1560 1729 1607 enim
1749 1559 1794 1606 in
1818 1559 1951 1607 altera
1974 1558 2070 1606 vita
2093 1566 2273 1622 paenam
2309 1558 2462 1606 secum

485 1623 591 1680 fert,
627 1625 676 1672 ὅτ
708 1623 832 1671 illam
864 1623 985 1688 quasi
1021 1623 1067 1673 in
1101 1626 1143 1673 se
1179 1625 1325 1683 habet,
1374 1641 1427 1672 n:
1455 1625 1705 1690 696.697.
1739 1628 1876 1688 1857.
1904 1626 2064 1690 655'93
2100 1623 2203 1671 inde
2225 1623 2305 1702 est,
2338 1624 2469 1688 quod

487 1705 570 1763 per
590 1690 696 1753 Ego
721 1691 906 1737 mittens
927 1702 1084 1738 omnes
1118 1691 1270 1753 plagas
1297 1706 1437 1747 meaS,
1473 1691 1749 1754 significetur
1781 1691 1907 1755 quod
1940 1690 2095 1739 omnia
2125 1690 2245 1739 mala
2282 1692 2329 1738 in
2363 1690 2497 1737 illos*

488 1755 714 1802 irruerent.
784 1755 1046 1803 Secundum
1087 1757 1295 1805 ordinem
1330 1757 1410 1813 est,
1456 1769 1505 1805 ut
1529 1773 1616 1805 una
1639 1757 1776 1820 plaga
1801 1760 2009 1818 sequatur
2030 1758 2234 1813 alteram,
2281 1757 2330 1804 &
2354 1756 2464 1804 mali

489 1820 550 1868 sic
573 1820 839 1868 successive
829 1836 874 1867 in
900 1821 1130 1869 infernum
1154 1821 1432 1884 dejiciantur,
1484 1838 1620 1887 quare
1643 1822 1810 1869 dicitur
1833 1823 1922 1896 hic,
1972 1822 2099 1886 quod
2124 1823 2222 1869 fieri
2246 1821 2391 1885 poffet
2412 1833 2466 1870 ut

493 1886 628 1935 simul
663 1885 896 1933 irruerent.
967 1886 1135 1935 Homo
1169 1887 1400 1944 Ecclesiae,
1436 1890 1544 1952 quia
1577 1887 1762 1936 nullam
1781 1887 2097 1951 cognitionem
2130 1887 2188 1934 de
2212 1886 2327 1934 statu
2353 1889 2464 1935 vitae

489 1951 596 2014 post
621 1964 817 2007 mortem
843 1951 992 2025 habet,
1026 1952 1170 2000 credit
1186 1953 1313 2015 quod
1332 1954 1476 2001 homo
1499 1953 1600 2018 post
1617 1954 1758 2002 vitam
1778 1953 2045 2017 incorpore,
2081 1952 2203 2000 illico
2220 1953 2319 1999 vel
2308 1968 2354 1999 ιη
2372 1968 2467 2000 000-

492 2018 591 2065 lum
617 2017 831 2073 elevetur,
867 2017 982 2065 vel
972 2033 1016 2064 in
1042 2016 1269 2067 infernum
1292 2018 1583 2082 conjiciatur,
1628 2035 1735 2068 cum
1759 2030 1910 2068 tamen
1935 2019 2022 2067 hoc
2044 2013 2098 2066 fii:
2120 2017 2370 2074 successive,
2404 2030 2468 2066 ta-

494 2082 622 2131 metsi
645 2083 731 2130 hoc
749 2083 802 2129 fit
824 2098 932 2131 cum
958 2084 1102 2131 multa
1119 2085 1350 2142 varietate,
1384 2086 1535 2149 quoad
1563 2097 1770 2148 tempora
1792 2084 1842 2132 &
1865 2083 2021 2149 quoad
2044 2083 2212 2138 status·
2246 2084 2365 2147 apud
2388 2085 2470 2131 bo-

494 2164 596 2205 n05,
632 2150 712 2211 qui
730 2148 965 2195 elevandi
955 2165 1001 2195 in
1024 2149 1213 2206 coelum,
1249 2150 1472 2223 separatur
1489 2152 1723 2200 succeffive
1743 2150 1931 2208 malum,
1967 2150 2017 2198 &
2036 2150 2101 2196 illi
2126 2150 2374 2212 implentur
2390 2150 2472 2197 bo-

498 2216 567 2261 nis
591 2213 833 2260 secundum
853 2212 1112 2261 facultatem
1131 2215 1372 2278 recipiendi
1392 2216 1685 2281 acquisitam
1676 2232 1721 2262 m
1741 2216 1952 2270 mundo;
1987 2216 2038 2263 δε
2054 2215 2174 2280 apud
2194 2216 2351 2272 malos,
2388 2216 2470 2279 qui

497 2277 801 2342 conjiciendi
793 2295 836 2325 in
861 2279 1106 2335 infernum,
1143 2282 1368 2343 separatur
1393 2282 1624 2330 successive
1649 2283 1836 2338 bonum,
1883 2282 1934 2328 &
1958 2280 2021 2328 illi
2046 2280 2292 2344 implentur
2313 2280 2475 2328 succes-

490 2346 591 2393 five
627 2344 768 2400 malis,
817 2344 1061 2392 secundum
1085 2344 1339 2401 facultatem
1363 2348 1609 2411 recipiendi
1633 2347 1929 2410 acquisitam'
1917 2362 1964 2393 m
1988 2347 2180 2394 mundo.
2248 2346 2470 2395 Praeterea

499 2410 678 2458 homo'
669 2426 713 2456 in
731 2411 867 2457 altera
884 2412 975 2458 vita
992 2412 1127 2458 intrat
1145 2428 1287 2459 novos
1306 2412 1452 2469 status,
1487 2415 1535 2462 &
1555 2413 1670 2461 subit
1695 2413 1994 2466 mutationes;
2029 2403 2096 2458 illi
2119 2413 2199 2475 qui
2223 2410 2269 2459 in
2293 2407 2464 2459 coelum

499 2476 752 2533 elevantur,
789 2477 839 2524 ὅτ
848 2476 1009 2551 postea
1026 2492 1129 2523 cum
1150 2477 1308 2525 elevati
1326 2477 1444 2535 sunt,
1482 2478 1808 2542 perficiuntur
1799 2494 1843 2525 in
1863 2489 2121 2532 aeternum,
2150 2476 2237 2540 qui
2254 2490 2404 2525 autem
2423 2476 2470 2523 in

504 2541 732 2589 infernum
757 2539 1076 2603 conjiciuntur,
1129 2544 1178 2590 δε
1201 2543 1351 2606 postea
1374 2559 1480 2591 cum
1504 2543 1695 2607 conjefiti
1721 2543 1839 2600 sunt,
1875 2542 2090 2590 sustinent
2114 2541 2227 2589 mala
2256 2542 2472 2590 continue

505 2607 728 2667 graviota‚
765 2607 814 2653 &
839 2607 925 2654 hoc
947 2608 1087 2670 usque
1103 2607 1218 2656 dum
1238 2625 1325 2656 non
1344 2610 1509 2658 audent
1527 2609 1658 2657 alicui
1678 2609 1848 2657 malurn
1869 2607 2064 2663 inferre;
2099 2623 2150 2655 ac
2169 2607 2350 2670 postea
2340 2623 2385 2654 1n
2406 2607 2473 2654 in-

506 2673 635 2719 ferno
653 2685 836 2731 manent
859 2673 903 2719 in
923 2686 1180 2728 aeternum;
1215 2674 1319 2722 inde
1336 2676 1473 2722 eximi
1495 2687 1742 2739 nequeunt,
1778 2676 1888 2737 quia
1906 2673 2037 2721 alicui
2056 2674 2231 2720 bonum
2245 2672 2361 2720 velle
2379 2687 2473 2720 non

505 2738 594 2785 illis
613 2736 703 2784 dari
743 2738 906 2801 potest,
941 2739 1086 2786 solum
1111 2755 1202 2788 non
1225 2741 1352 2806 alicui
1378 2741 1550 2790 malum
1572 2741 1716 2789 facere
1738 2755 1795 2788 ex
1818 2740 1981 2788 timore
2005 2742 2170 2803 paenie,
2212 2751 2472 2789 remanente

503 2803 680 2866 semper
696 2804 927 2865 cupidine.

573 2883 718 2933 7542.
755 2870 805 2916 In
831 2882 1076 2927 cortuum,
1113 2870 1239 2933 quod
1266 2871 1530 2934 fignificet'
1519 2890 1563 2922 in
1589 2874 1822 2947 intimum,
1862 2869 2032 2918 constat
2065 2884 2122 2916 ex
2155 2868 2476 2932 significatione

497 2924 674 2991 cordiS,
712 2935 834 2997 quod
870 2937 923 2982 fit
958 2935 1003 2981 id
1028 2937 1152 2998 quod
1187 2938 1428 2985 voluntatis
1460 2939 1541 2996 est,
1591 2939 1651 2985 ita
1674 2937 1801 3000 quod
1836 2937 2019 2991 amoris,
2055 2935 2112 2982 de
2133 2951 2223 2998 qua
2248 2952 2298 2983 n·
2329 2951 2472 3012 2930.

511 3017 655 3063 3313.
684 3003 825 3062 3888.
851 3004 997 3062 3889,
1033 3001 1354 3065 consequenter
1374 3005 1528 3068 quod
1537 3004 1671 3067 ipsius
1694 3005 1806 3051 vitae
1840 3001 1920 3058 est,
1957 3016 2059 3047 nam
2097 3017 2239 3057 amor,
2276 3003 2380 3076 quia
2412 3001 2478 3048 est

507 3066 769 3122 voluntatis,
803 3066 908 3113 facit
931 3068 1071 3128 ipsam
1103 3067 1280 3123 vitam3
1332 3072 1437 3117 inde
1460 3060 1528 3118 eff
1545 3069 1672 3133 quod
1697 3084 1774 3130 per
1806 3083 1884 3114 cor
1904 3066 2191 3130 significetur
2227 3068 2475 3115 intimum:

508 3131 726 3181 intimum
751 3132 871 3198 apud
897 3132 1056 3190 bonOS,
1092 3131 1155 3180 est
1179 3150 1306 3185 amor
1330 3136 1376 3183 in
1403 3137 1664 3184 Dominum
1688 3136 1735 3184 δι
1759 3149 1888 3183 amor
1910 3149 2017 3197 erga
2053 3134 2335 3199 proximum,
2372 3133 2488 3179 inti-

2345 3214 2476 3247 mum
