2912 3770
368 183 412 192 «a.

478 229 629 318 2461·
911 227 993 298 Ε
1123 229 1198 299 X
1338 228 1444 299 0,
1518 224 1614 295 ÷D
1727 227 1834 298 :U
1925 227 2033 308 §Si

482 363 587 410 ficet
620 355 748 422 quod
787 355 844 417 de
881 355 964 404 illo
999 356 1080 404 vix
1118 353 1290 419 aliquid
1323 353 1432 410 scire
1455 354 1640 412 velient,
1674 356 1848 404 constat
1885 340 2078 422 quoque
2109 364 2170 405 ex'
2207 356 2483 427 illivsupra.

485 442 548 474 n:
645 440 706 471 20
2365 466 2367 468 .
2403 467 2408 472 .

532 441 700 553 '773336
737 489 799 535 Et
823 488 907 535 fnit
934 486 1112 546 sanguis
1137 486 1182 539 in
1207 498 1303 534 tota
1326 487 1440 535 terra
1458 485 1675 551 AEgypti',
1709 487 1834 553 quod
1858 488 2079 552 fignificet
2103 487 2462 544 falsificationem

488 557 695 611 totalem,
738 558 938 601 videatur
963 552 1092 615 supra
1117 569 1174 602 n:
1201 567 1345 617 7327.
1960 597 1962 599 .
2045 559 2048 562 '
2396 591 2399 594 ᾗ

527 622 697 687 7337.
736 621 798 667 Et
824 623 1023 684 lecerunt
1047 622 1109 665 ita
1136 618 1271 680 Magi
1297 619 1516 683 AEgyptii
1542 619 2055 678 incantationibus—suis,
2090 621 2215 683 quod
2241 622 2466 684 significet

482 691 611 754 quod
648 687 943 734 mlfifieatores
971 685 1153 731 illorum
1176 685 1617 748 effigiarent-simile,
1651 688 1825 734 constat
1866 702 1923 734 ex
1948 687 2274 749 significatione
2299 692 2468 752 magiae

486 755 779 817 AEgyptiacae
815 754 862 798 &
899 751 1278 807 incantationum,
1317 751 1445 815 quod
1471 752 1555 799 sint
1579 751 1738 798 abusus
1775 746 1950 799 ordinis
1974 754 2149 807 Divini,
2189 755 2246 801 de
2282 771 2370 818 qua
2408 773 2483 804 nt·

489 837 635 883 5223.
661 821 805 878 6052.
833 818 978 881 7296.
1049 817 1192 877 Quod
1217 819 1432 880 miracula
1460 818 1638 874 attinet,
1680 815 1931 874 sciendum,
1967 820 2093 882 quod
2130 821 2299 867 Divina
2327 821 2470 871 Mira-

484 888 581 934 cula
605 884 813 931 differant
846 900 870 929 a
898 883 1115 930 miraculis
1157 883 1363 943 magiciS,
1400 896 1450 931 ut
1483 883 1657 930 coelum
1698 885 1754 930 ab
1797 882 2019 938 inferno,
2045 884 2221 934 Divina
2261 888 2489 936 miracula.

484 939 738 1017 ‘procedunt
777 967 802 996 a
826 950 999 996 Divino
1024 949 1163 1003 Ver0‚
1198 950 1248 996 &
1274 948 1626 1013 progrediuntur
1666 948 1912 997 secundum
1950 951 2179 1009 ordinem,
2216 953 2398 1001 effectus
2423 956 2470 1002 in

487 1019 664 1074 ultimis
690 1016 791 1063 sunt
816 1014 1055 1069 Miracula,
1091 1015 1276 1078 quando
1304 1016 1513 1063 Domino
1540 1017 1682 1078 placet
1710 1029 1761 1062 ut
1785 1015 1830 1062 in
1852 1015 1924 1061 illa
1944 1012 2089 1061 forma
2107 1017 2339 1072 sistantur,
2366 1020 2472 1068 inde

486 1084 566 1141 est,
602 1082 728 1148 quod
754 1080 909 1129 omnia
935 1081 1146 1128 miracula
1171 1081 1340 1128 Divina
1366 1082 1687 1145 repraesentent
1709 1081 1843 1127 status
1864 1080 2016 1143 Regni
2032 1081 2224 1141 Domini
2247 1084 2288 1130 in
2306 1085 2468 1145 Caelis,

488 1152 539 1198 δε
563 1148 712 1212 Regni
731 1148 924 1196 Domini
950 1148 994 1194 in
1024 1148 1148 1194 terris
1185 1146 1260 1194 seu
1286 1147 1520 1202 Ecclesiae,
1559 1148 1658 1194 haec
1697 1146 1760 1195 est
1799 1146 1951 1194 forma
1989 1149 2471 1199 internaDivinoi-um

489 1215 855 1268 Miraeulorurn;
890 1214 952 1259 ita
977 1213 1017 1260 se
1044 1214 1175 1260 habet
1195 1228 1303 1260 cum
1327 1214 1556 1261 Omnibus
1581 1213 1817 1260 Miraculis
1853 1213 1901 1258 in
1943 1212 2178 1277 AEgypm,
2212 1215 2269 1263 &1
2283 1220 2492 1280 quoque'

488 1298 596 1331 cum
633 1280 832 1343 reliquis,
866 1279 925 1326 de
962 1279 1131 1342 quibus
1167 1279 1213 1325 in
1254 1280 1449 1335 Verbo;
1485 1279 1642 1327 omnia
1680 1280 1817 1327 etiam
1842 1278 2084 1334 Miracu1a‚
2117 1296 2224 1344 quae
2253 1280 2349 1342 Ipse
2374 1283 2475 1329 Do-

490 1348 658 1403 minus,
693 1362 801 1393 cum
838 1344 929 1392 fuit
960 1344 1007 1391 in
1045 1344 1235 1400 mundo,
1270 1343 1396 1403 fecit,
1456 1345 1736 1408 significabat
1762 1345 1925 1393 statum
1961 1359 2202 1394 venturum
2249 1346 2480 1408 Ecclesiae,

488 1414 601 1463 sicut
646 1411 1103 1476 quodaporierentur
1122 1413 1242 1459 oculi
1266 1427 1511 1467 caecorum,
1546 1427 1690 1458 aures.
1712 1411 1969 1467 surdorum,
2008 1410 2181 1472 linguae
2221 1425 2476 1472 mutorum,

487 1479 615 1544 quod
634 1477 780 1525 claudi
808 1477 1102 1534 ambularent,
1143 1478 1296 1525 mutili
1335 1479 1385 1526 δε
1421 1493 1607 1541 quoque
1654 1477 1813 1540 leprosi
1858 1475 2130 1535 sanarentur,
2166 1479 2480 1540 significabant

439 1568 444 1573 τ
488 1544 614 1610 quod
638 1544 746 1591 tales
768 1545 847 1607 qui
885 1543 1191 1604 significantur
1212 1559 1290 1607 per
1318 1558 1480 1598 caecos,
1517 1543 1689 1598 surdos,
1726 1556 1907 1599 mutoS,
1934 1539 2136 1598 chudos,
2173 1544 2380 1602 mutilos,
2415 1546 2481 1594 le·

490 1610 661 1674 prosos,
698 1609 952 1672 reciperent
971 1608 1299 1670 Evangelium,
1335 1610 1384 1656 δε
1424 1608 1711 1672 spiritualiter
1745 1607 2251 1665 sanarentur‚s&4hoc
2284 1625 2366 1675 per
2393 1612 2480 1660 ad..

491 1688 687 1724 ventum
710 1674 908 1723 Domini
941 1675 987 1721 in
1013 1674 1240 1722 mundum
1253 1696 1277 1730 ;;
1314 1676 1417 1722 talia
1452 1676 1555 1722 sunt
1590 1674 1765 1722 Divina
1790 1674 2016 1723 Miracula
2051 1674 2269 1723 informa
2308 1677 2383 1725 sua
2409 1678 2482 1726 in.

493 1756 649 1791 terna:
686 1757 737 1788 ac
770 1741 982 1788 miracula
1009 1741 1187 1802 magica
1211 1739 1324 1788 nihil
1350 1740 1526 1803 prorsus
1541 1740 1809 1797 involvunt,
1845 1740 1956 1788 fiant
1997 1757 2025 1788 a
2067 1741 2198 1789 malis
2219 1741 2276 1789 ad
2317 1756 2485 1805 poten.

484 1808 600 1857 tiam
625 1806 705 1855 fibi
737 1807 1060 1870 acquirendam
1085 1806 1213 1868 super
1244 1806 1388 1861 alios·‚
1422 1807 1474 1855 δε
1519 1818 1738 1869 apparent
1772 1807 1819 1852 in
1855 1805 2005 1854 forma
2043 1818 2226 1855 externa
2249 1808 2284 1856 fi
2314 1809 2478 1860 fimilia

494 1874 678 1923 Divinis
713 1872 940 1921 miraculis
960 1893 977 1927 ·,
1010 1870 1137 1920 causa
1158 1872 1284 1937 quod
1315 1871 1476 1920 similia
1498 1884 1761 1935 appareant,
1799 1871 1884 1929 est,
1921 1871 2030 1934 quia
2053 1887 2111 1919 ex
2134 1872 2293 1920 ondine
2320 1874 2483 1934 fluunt,

493 1941 546 1988 δε
578 1940 693 1987 ordo
731 1950 915 2002 apparet
951 1938 1107 1987 fimilis
1143 1938 1189 1984 in
1228 1938 1399 1986 ultimis
1436 1938 1519 1986 ubi
1555 1938 1765 1986 sistuntur
1799 1935 2010 1985 miracula
2031 1956 2048 1991 ς
2083 1938 2194 1985 ficut
2217 1953 2302 2001 pro
2326 1950 2485 1989 exem-'

494 2007 592 2071 plo,
631 2005 862 2053 Divinum
882 2005 1058 2052 Verum
1083 2003 1327 2065 procedens
1350 2004 1607 2052 aDomino
1632 2004 1678 2051 in
1718 2003 1762 2050 se
1799 2017 1987 2050 omnem
2027 2002 2282 2066 potentiam
2315 2005 2476 2067 habet,

495 2072 604 2120 inde
641 2072 726 2128 est,
760 2070 890 2134 quod
914 2070 1210 2119 etiamveris
1233 2069 1279 2119 in
1303 2069 1481 2118 ultimis
1503 2069 1674 2117 ordinis
1711 2068 1814 2117 insit
1837 2067 2042 2132 potentia
2060 2089 2090 2124 3⁴
2111 2068 2217 2116 ideo
2254 2070 2366 2119 mali
2400 2087 2482 2136 per

495 2154 603 2185 vera
635 2137 719 2185 fibi
757 2139 997 2201 acquirunt
1032 2137 1300 2200 potentiam,
1335 2137 1386 2184 δε
1417 2136 1711 2184 dominantur
1751 2134 1879 2199 super
1907 2134 2047 2184 alios:
2083 2134 2138 2182 fit
2175 2151 2364 2201 quoque
2394 2153 2503 2202 prm

495 2203 732 2267 exemplo,
770 2202 1016 2251 secu-ndum
1037 2202 1244 2250 ordinem
1263 2201 1347 2259 est,
1382 2213 1433 2248 ut
1467 2201 1602 2250 status
1642 2201 1896 2250 affectionis
1933 2202 1984 2249 &c
2004 2200 2296 2264 cogitationis
2309 2202 2484 2253 ‚faciant

496 2262 652 2318 ideam
687 2269 772 2316 loci
811 2270 862 2317 &
883 2268 1107 2317 distantiae
1131 2268 1175 2313 in
1201 2268 1335 2315 altera
1356 2269 1467 2323 vita,
1489 2269 1540 2316 &
1563 2268 1690 2331 quod
1715 2278 1893 2315 tantum
1931 2283 1958 2315 a
1981 2265 2027 2314 se
2048 2280 2216 2316 mutuo
2238 2281 2485 2332 appareant

495 2336 678 2392 distare,
712 2343 936 2399 quantum
956 2335 1000 2381 in
1019 2332 1199 2382 diverso
1216 2334 1327 2380 statu
1346 2332 1480 2388 sunt·,
1515 2334 1603 2380 hoc
1619 2332 1792 2380 ordinis
1809 2349 1836 2380 a
1853 2332 2034 2380 Divino
2050 2332 2132 2390 est,
2156 2346 2211 2381 ut
2226 2350 2384 2386 omnes
2399 2334 2481 2399 qui

498 2402 551 2450 in
575 2402 790 2450 Maximo
818 2400 1030 2463 Homine
1063 2399 1261 2448 distincti
1283 2415 1311 2446 a
1334 2400 1375 2448 se
1400 2410 1562 2447 mutuo
1588 2399 1702 2455 fint;
1737 2399 1875 2460 Magi
1910 2398 1958 2445 in
1981 2398 2116 2446 altera
2133 2401 2230 2447 vita-
2249 2401 2484 2450 boc-ordi-

500 2468 572 2516 nis
602 2469 867 2522 abutuntur‚
920 2466 1142 2514 inducunt
1177 2466 1304 2513 enim
1348 2465 1446 2513 aliis
1483 2466 1757 2513 mutationes
1791 2464 1946 2523 status,
1980 2465 2033 2513 ὅτ
2067 2464 2124 2512 fic
2165 2466 2264 2516 illos
2297 2466 2506 2517 transfer»

502 2547 609 2583 runt
635 2548 759 2581 ‘nunc
789 2534 835 2581 in
858 2526 1023 2587 altum,
1059 2547 1182 2579 nunc
1212 2533 1258 2580 in
1290 2529 1593 2595 profundum,
1628 2532 1679 2579 &
1718 2546 1905 2596 quoque
1937 2528 2189 2594 conjiciunt
2219 2530 2267 2579 in
2299 2533 2484 2581 societa,

502 2611 587 2655 tes,
623 2612 674 2646 ut
698 2596 940 2646 inserviant
961 2598 1042 2649 fibi
1068 2613 1152 2661 pro
1174 2597 1416 2663 subjectis;
1452 2597 1513 2644 ita
1546 2597 1797 2646 innumeris
1830 2596 1958 2644 aliis:
1992 2611 2048 2644 ex
2075 2597 2154 2644 *his
2177 2609 2324 2659 patet,
2353 2597 2484 2662 quod

507 2665 726 2716 miracula
761 2666 951 2728 magica,
989 2664 1163 2712 tametfi
1188 2664 1234 2711 in
1268 2676 1455 2711 externa
1489 2663 1635 2710 forma
1676 2661 1837 2711 nmilia
1873 2675 2123 2727 appareant·
2146 2662 2374 2711 miraculis
2397 2664 2507 2712 Dic

509 2731 645 2788 vinis,
679 2730 816 2792 usque
841 2744 994 2778 tamen
1019 2732 1138 2778 intus
1163 2730 1208 2778 in
1234 2730 1275 2778 se
1307 2730 1449 2778 finem
1473 2729 1662 2778 habeant
1690 2728 1994 2784 eontrarium,
2028 2743 2194 2791 nempe
2226 2727 2485 2779 destruendi

464 2847 467 2849 ,
505 2796 588 2845 illa
610 2810 714 2861 quae
735 2795 948 2843 Ecclesiae
973 2796 1086 2852 sunt,
1112 2808 1157 2844 at
1179 2797 1391 2844 miracula
1408 2796 1580 2842 Divina
1602 2795 1723 2843 intus
1745 2796 1792 2842 in
1816 2793 1858 2842 se
1881 2793 2046 2840 habent
2061 2792 2206 2840 finem
2227 2793 2487 2844 aedificandi
2509 2837 2511 2839 ,

513 2861 590 2911 illa
611 2877 720 2924 quae
738 2860 951 2909 Ecclefiae
970 2861 1097 2910 sunt:
1132 2861 1176 2908 se
1199 2863 1368 2910 habent
1404 2861 1484 2909 illa
1506 2861 1615 2909 ficut
1650 2860 1771 2908 binae
1796 2859 2004 2907 mulieres
2021 2856 2252 2913 formosae,
2286 2875 2483 2923 quarum

509 2940 602 2976 una
621 2943 679 2975 ex
703 2926 966 2976 scortatione
988 2927 1108 2976 intus
1126 2940 1220 2975 tota
1239 2939 1411 2993 quanta
1432 2926 1594 2991 putida
1615 2926 1697 2982 est,
1730 2926 1867 2973 altera
1903 2934 2059 2972 autem
2096 2938 2156 2971 ex
2178 2923 2376 2975 castitate
2407 2937 2496 2976 aut*

512 3009 574 3044 ex
593 2993 797 3056 genuino
819 3008 975 3041 amore
996 2993 1262 3058 conjugiali‚
1298 3005 1392 3041 tota
1415 3004 1586 3058 quanta
1616 2993 1737 3040 intus
1754 3005 1872 3054 ⁴pura
1892 2988 1986 3043 est·‚
2021 2990 2411 3043 externaeformae
2433 2992 2486 3042 il.

512 3059 663 3108 lorum
690 3057 791 3106 sunt
814 3058 996 3114 similes,
1022 3059 1104 3105 ,sed
1129 3061 1317 3108 internae
1341 3058 1558 3106 differunt
1582 3056 1691 3106 ficut
1713 3055 1887 3104 coelum
1907 3054 1961 3102 &
1984 3053 2232 3106 infernum.
2259 3074 2261 3076 ·

579 3127 726 3190 7338.
761 3123 825 3172 Et
863 3124 1161 3189 obfirmatum
1199 3140 1278 3173 cor
1300 3124 1566 3181 Pharaonis,
1614 3122 1742 3189 quod
1775 3121 1997 3185 significet
2032 3120 2401 3183 obstinationem,
2434 3135 2487 3179 ut

511 3190 644 3255 {upra
681 3205 744 3240 n:
769 3202 915 3255 7272.
941 3202 1085 3254 7300.

2336 3228 2483 3321 7339·
