<?xml version="1.0" encoding="UTF-8"?>
<!DOCTYPE html PUBLIC "-//W3C//DTD XHTML 1.0 Transitional//EN"
    "http://www.w3.org/TR/xhtml1/DTD/xhtml1-transitional.dtd">
<html xmlns="http://www.w3.org/1999/xhtml" xml:lang="en" lang="en">
 <head>
  <title>
</title>
<meta http-equiv="Content-Type" content="text/html;charset=utf-8" />
  <meta name='ocr-system' content='tesseract 3.04.00' />
  <meta name='ocr-capabilities' content='ocr_page ocr_carea ocr_par ocr_line ocrx_word'/>
</head>
<body>
  <div class='ocr_page' id='page_1' title='image "arcanacaelestiaq06sweduoft_0305.png"; bbox 0 0 2912 3770; ppageno 0'>
   <div class='ocr_carea' id='block_1_1' title="bbox 791 227 2410 321">
    <p class='ocr_par' dir='ltr' id='par_1_1' title="bbox 791 227 2410 321">
     <span class='ocr_line' id='line_1_1' title="bbox 791 227 2410 321; baseline 0.008 -26"><span class='ocrx_word' id='word_1_1' title='bbox 791 227 1283 298; x_wconf 83' lang='lat' dir='ltr'>CAPUT</span> <span class='ocrx_word' id='word_1_2' title='bbox 1376 229 1970 302; x_wconf 86' lang='lat' dir='ltr'>NONUM.</span> <span class='ocrx_word' id='word_1_3' title='bbox 2282 251 2410 321; x_wconf 78' lang='lat'><em>301-</em></span> 
     </span>
    </p>
   </div>
   <div class='ocr_carea' id='block_1_2' title="bbox 403 349 2490 3309">
    <p class='ocr_par' dir='ltr' id='par_1_2' title="bbox 403 349 2490 3309">
     <span class='ocr_line' id='line_1_2' title="bbox 435 349 2412 416; baseline -0.001 -17"><span class='ocrx_word' id='word_1_4' title='bbox 435 360 582 414; x_wconf 87' lang='lat'>7097.</span> <span class='ocrx_word' id='word_1_5' title='bbox 618 354 764 414; x_wconf 81' lang='lat'>7127’.</span> <span class='ocrx_word' id='word_1_6' title='bbox 800 364 946 413; x_wconf 71' lang='lat'><strong><em>7317.</em></strong></span> <span class='ocrx_word' id='word_1_7' title='bbox 984 367 1126 412; x_wconf 84' lang='lat'><strong>7502.</strong></span> <span class='ocrx_word' id='word_1_8' title='bbox 1199 353 1345 416; x_wconf 59' lang='lat' dir='ltr'>and</span> <span class='ocrx_word' id='word_1_9' title='bbox 1381 351 1687 400; x_wconf 83' lang='lat' dir='ltr'>differentiam</span> <span class='ocrx_word' id='word_1_10' title='bbox 1720 353 1882 399; x_wconf 87' lang='lat' dir='ltr'>attinet</span> <span class='ocrx_word' id='word_1_11' title='bbox 1917 351 2037 397; x_wconf 86' lang='lat' dir='ltr'>inter.</span> <span class='ocrx_word' id='word_1_12' title='bbox 2067 363 2173 396; x_wconf 89' lang='lat' dir='ltr'>vera</span> <span class='ocrx_word' id='word_1_13' title='bbox 2209 349 2259 396; x_wconf 76' lang='grc' dir='ltr'>ὅτ.</span> <span class='ocrx_word' id='word_1_14' title='bbox 2291 351 2412 398; x_wconf 89' lang='lat' dir='ltr'>bona</span> 
     </span>
     <span class='ocr_line' id='line_1_3' title="bbox 432 414 2414 481; baseline -0.001 -18"><span class='ocrx_word' id='word_1_15' title='bbox 432 416 540 463; x_wconf 88' lang='lat' dir='ltr'>fidei</span> <span class='ocrx_word' id='word_1_16' title='bbox 565 415 765 472; x_wconf 89' lang='lat' dir='ltr'>illorum,</span> <span class='ocrx_word' id='word_1_17' title='bbox 816 419 898 481; x_wconf 94' lang='lat' dir='ltr'>qui</span> <span class='ocrx_word' id='word_1_18' title='bbox 922 419 977 464; x_wconf 91' lang='lat' dir='ltr'>ab</span> <span class='ocrx_word' id='word_1_19' title='bbox 1002 418 1216 474; x_wconf 80' lang='lat' dir='ltr'>Ecclesia,</span> <span class='ocrx_word' id='word_1_20' title='bbox 1270 420 1318 464; x_wconf 75' lang='grc' dir='ltr'>δε</span> <span class='ocrx_word' id='word_1_21' title='bbox 1343 417 1584 474; x_wconf 85' lang='lat' dir='ltr'>salvantur,</span> <span class='ocrx_word' id='word_1_22' title='bbox 1605 419 1675 469; x_wconf 76' lang='grc' dir='ltr'>,ὅτ</span> <span class='ocrx_word' id='word_1_23' title='bbox 1696 418 1817 465; x_wconf 83' lang='lat' dir='ltr'>inter</span> <span class='ocrx_word' id='word_1_24' title='bbox 1838 432 1943 464; x_wconf 82' lang='lat' dir='ltr'>vera</span> <span class='ocrx_word' id='word_1_25' title='bbox 1965 419 2016 463; x_wconf 78' lang='grc' dir='ltr'>δε</span> <span class='ocrx_word' id='word_1_26' title='bbox 2036 415 2156 464; x_wconf 88' lang='lat' dir='ltr'>bona</span> <span class='ocrx_word' id='word_1_27' title='bbox 2179 414 2286 461; x_wconf 88' lang='lat' dir='ltr'>fidei</span> <span class='ocrx_word' id='word_1_28' title='bbox 2311 416 2414 462; x_wconf 90' lang='lat' dir='ltr'>illo-</span> 
     </span>
     <span class='ocr_line' id='line_1_4' title="bbox 435 479 2413 545; baseline 0 -18"><span class='ocrx_word' id='word_1_29' title='bbox 435 497 554 536; x_wconf 87' lang='lat' dir='ltr'>rum,</span> <span class='ocrx_word' id='word_1_30' title='bbox 590 483 670 545; x_wconf 88' lang='lat' dir='ltr'>qui</span> <span class='ocrx_word' id='word_1_31' title='bbox 704 484 777 530; x_wconf 86' lang='lat' dir='ltr'>ab·</span> <span class='ocrx_word' id='word_1_32' title='bbox 799 482 1012 536; x_wconf 73' lang='lat' dir='ltr'>Ecclesia,</span> <span class='ocrx_word' id='word_1_33' title='bbox 1048 485 1098 530; x_wconf 89' lang='lat'>&amp;</span> <span class='ocrx_word' id='word_1_34' title='bbox 1131 484 1416 540; x_wconf 83' lang='lat' dir='ltr'>damnantur,</span> <span class='ocrx_word' id='word_1_35' title='bbox 1468 487 1619 545; x_wconf 85' lang='lat' dir='ltr'>paucis</span> <span class='ocrx_word' id='word_1_36' title='bbox 1642 483 1887 530; x_wconf 86' lang='lat' dir='ltr'>dicendum</span> <span class='ocrx_word' id='word_1_37' title='bbox 1915 503 1930 536; x_wconf 90' lang='lat'>;</span> <span class='ocrx_word' id='word_1_38' title='bbox 1963 482 2137 529; x_wconf 88' lang='lat' dir='ltr'>vera&amp;</span> <span class='ocrx_word' id='word_1_39' title='bbox 2160 480 2280 526; x_wconf 89' lang='lat' dir='ltr'>bona</span> <span class='ocrx_word' id='word_1_40' title='bbox 2305 479 2413 527; x_wconf 83' lang='lat' dir='ltr'>fidei</span> 
     </span>
     <span class='ocr_line' id='line_1_5' title="bbox 434 544 2414 611; baseline -0.001 -18"><span class='ocrx_word' id='word_1_41' title='bbox 434 561 545 610; x_wconf 84' lang='lat' dir='ltr'>quae</span> <span class='ocrx_word' id='word_1_42' title='bbox 568 547 655 594; x_wconf 90' lang='lat' dir='ltr'>illis</span> <span class='ocrx_word' id='word_1_43' title='bbox 677 549 755 611; x_wconf 89' lang='lat' dir='ltr'>qui</span> <span class='ocrx_word' id='word_1_44' title='bbox 780 549 835 592; x_wconf 90' lang='lat' dir='ltr'>ab</span> <span class='ocrx_word' id='word_1_45' title='bbox 853 547 1048 595; x_wconf 75' lang='lat' dir='ltr'>Ecclesia</span> <span class='ocrx_word' id='word_1_46' title='bbox 1071 549 1121 595; x_wconf 75' lang='grc' dir='ltr'>ὅτ</span> <span class='ocrx_word' id='word_1_47' title='bbox 1141 548 1380 603; x_wconf 85' lang='lat' dir='ltr'>salvantur,</span> <span class='ocrx_word' id='word_1_48' title='bbox 1416 548 1514 596; x_wconf 89' lang='lat' dir='ltr'>sunt</span> <span class='ocrx_word' id='word_1_49' title='bbox 1530 565 1587 596; x_wconf 91' lang='lat' dir='ltr'>ex</span> <span class='ocrx_word' id='word_1_50' title='bbox 1599 551 1728 605; x_wconf 66' lang='lat' dir='ltr'>‚bono</span> <span class='ocrx_word' id='word_1_51' title='bbox 1750 548 1992 603; x_wconf 87' lang='lat' dir='ltr'>charitatis,</span> <span class='ocrx_word' id='word_1_52' title='bbox 2027 548 2078 594; x_wconf 78' lang='grc' dir='ltr'>ὅτ</span> <span class='ocrx_word' id='word_1_53' title='bbox 2100 545 2209 609; x_wconf 89' lang='lat' dir='ltr'>quia</span> <span class='ocrx_word' id='word_1_54' title='bbox 2227 544 2414 592; x_wconf 64' lang='lat' dir='ltr'>affeetio</span> 
     </span>
     <span class='ocr_line' id='line_1_6' title="bbox 432 611 2416 676; baseline -0.001 -17"><span class='ocrx_word' id='word_1_55' title='bbox 432 612 657 659; x_wconf 86' lang='lat' dir='ltr'>charitatis</span> <span class='ocrx_word' id='word_1_56' title='bbox 681 614 743 660; x_wconf 88' lang='lat' dir='ltr'>est</span> <span class='ocrx_word' id='word_1_57' title='bbox 769 611 917 675; x_wconf 83' lang='lat' dir='ltr'>ipsum</span> <span class='ocrx_word' id='word_1_58' title='bbox 937 612 1182 675; x_wconf 84' lang='lat' dir='ltr'>spirituale,</span> <span class='ocrx_word' id='word_1_59' title='bbox 1219 613 1320 660; x_wconf 90' lang='lat' dir='ltr'>sunt</span> <span class='ocrx_word' id='word_1_60' title='bbox 1344 613 1417 660; x_wconf 89' lang='lat' dir='ltr'>illa</span> <span class='ocrx_word' id='word_1_61' title='bbox 1439 630 1544 660; x_wconf 88' lang='lat' dir='ltr'>vera</span> <span class='ocrx_word' id='word_1_62' title='bbox 1569 615 1618 661; x_wconf 86' lang='lat'>&amp;</span> <span class='ocrx_word' id='word_1_63' title='bbox 1642 614 1762 661; x_wconf 90' lang='lat' dir='ltr'>bona</span> <span class='ocrx_word' id='word_1_64' title='bbox 1781 613 2042 676; x_wconf 84' lang='lat' dir='ltr'>spiritualia,</span> <span class='ocrx_word' id='word_1_65' title='bbox 2076 613 2128 660; x_wconf 86' lang='lat'>&amp;</span> <span class='ocrx_word' id='word_1_66' title='bbox 2146 626 2223 675; x_wconf 87' lang='lat' dir='ltr'>per</span> <span class='ocrx_word' id='word_1_67' title='bbox 2238 611 2416 658; x_wconf 86' lang='lat' dir='ltr'>coelum</span> 
     </span>
     <span class='ocr_line' id='line_1_7' title="bbox 429 676 2414 743; baseline 0 -19"><span class='ocrx_word' id='word_1_68' title='bbox 429 693 455 724; x_wconf 86' lang='lat' dir='ltr'>a</span> <span class='ocrx_word' id='word_1_69' title='bbox 482 679 691 724; x_wconf 80' lang='lat' dir='ltr'>Domino</span> <span class='ocrx_word' id='word_1_70' title='bbox 724 678 975 734; x_wconf 84' lang='lat' dir='ltr'>influentia,</span> <span class='ocrx_word' id='word_1_71' title='bbox 1020 680 1228 726; x_wconf 78' lang='lat' dir='ltr'>interiora</span> <span class='ocrx_word' id='word_1_72' title='bbox 1262 679 1387 726; x_wconf 84' lang='lat' dir='ltr'>enim</span> <span class='ocrx_word' id='word_1_73' title='bbox 1429 679 1613 726; x_wconf 88' lang='lat' dir='ltr'>illorum</span> <span class='ocrx_word' id='word_1_74' title='bbox 1636 694 1746 743; x_wconf 90' lang='lat' dir='ltr'>quae</span> <span class='ocrx_word' id='word_1_75' title='bbox 1767 680 2007 742; x_wconf 89' lang='lat' dir='ltr'>recipiunt,</span> <span class='ocrx_word' id='word_1_76' title='bbox 2060 676 2159 725; x_wconf 90' lang='lat' dir='ltr'>sunt</span> <span class='ocrx_word' id='word_1_77' title='bbox 2183 689 2330 739; x_wconf 86' lang='lat' dir='ltr'>aperta</span> <span class='ocrx_word' id='word_1_78' title='bbox 2352 677 2414 724; x_wconf 86' lang='lat' dir='ltr'>ad</span> 
     </span>
     <span class='ocr_line' id='line_1_8' title="bbox 433 739 2415 808; baseline -0.001 -20"><span class='ocrx_word' id='word_1_79' title='bbox 433 739 639 796; x_wconf 71' lang='lat' dir='ltr'>coelurm</span> <span class='ocrx_word' id='word_1_80' title='bbox 674 756 719 789; x_wconf 90' lang='lat' dir='ltr'>at</span> <span class='ocrx_word' id='word_1_81' title='bbox 744 758 847 790; x_wconf 85' lang='lat' dir='ltr'>vera</span> <span class='ocrx_word' id='word_1_82' title='bbox 867 744 918 790; x_wconf 77' lang='grc' dir='ltr'>ὅτ</span> <span class='ocrx_word' id='word_1_83' title='bbox 942 745 1057 791; x_wconf 85' lang='lat' dir='ltr'>bona</span> <span class='ocrx_word' id='word_1_84' title='bbox 1074 743 1265 791; x_wconf 85' lang='lat' dir='ltr'>illorum</span> <span class='ocrx_word' id='word_1_85' title='bbox 1289 745 1368 808; x_wconf 90' lang='lat' dir='ltr'>qui</span> <span class='ocrx_word' id='word_1_86' title='bbox 1391 745 1448 790; x_wconf 89' lang='lat' dir='ltr'>ab</span> <span class='ocrx_word' id='word_1_87' title='bbox 1473 744 1690 800; x_wconf 77' lang='lat' dir='ltr'>Ecclesia,</span> <span class='ocrx_word' id='word_1_88' title='bbox 1726 746 1777 791; x_wconf 73' lang='grc' dir='ltr'>δε</span> <span class='ocrx_word' id='word_1_89' title='bbox 1798 745 2092 800; x_wconf 86' lang='lat' dir='ltr'>damnantur,</span> <span class='ocrx_word' id='word_1_90' title='bbox 2125 757 2215 790; x_wconf 89' lang='lat' dir='ltr'>non</span> <span class='ocrx_word' id='word_1_91' title='bbox 2239 740 2339 789; x_wconf 89' lang='lat' dir='ltr'>sunt</span> <span class='ocrx_word' id='word_1_92' title='bbox 2355 755 2415 787; x_wconf 82' lang='lat' dir='ltr'>ex</span> 
     </span>
     <span class='ocr_line' id='line_1_9' title="bbox 431 806 2415 874; baseline -0.002 -18"><span class='ocrx_word' id='word_1_93' title='bbox 431 810 555 856; x_wconf 91' lang='lat' dir='ltr'>bono</span> <span class='ocrx_word' id='word_1_94' title='bbox 586 807 829 863; x_wconf 80' lang='lat' dir='ltr'>charitatiS,</span> <span class='ocrx_word' id='word_1_95' title='bbox 876 809 935 855; x_wconf 91' lang='lat' dir='ltr'>ita</span> <span class='ocrx_word' id='word_1_96' title='bbox 958 825 1039 856; x_wconf 91' lang='lat' dir='ltr'>nec</span> <span class='ocrx_word' id='word_1_97' title='bbox 1063 810 1163 856; x_wconf 88' lang='lat' dir='ltr'>sunt</span> <span class='ocrx_word' id='word_1_98' title='bbox 1188 809 1470 872; x_wconf 52' lang='lat' dir='ltr'>spiritualim</span> <span class='ocrx_word' id='word_1_99' title='bbox 1522 826 1602 873; x_wconf 90' lang='lat' dir='ltr'>per</span> <span class='ocrx_word' id='word_1_100' title='bbox 1632 811 1805 857; x_wconf 91' lang='lat' dir='ltr'>coelum</span> <span class='ocrx_word' id='word_1_101' title='bbox 1846 811 2034 874; x_wconf 88' lang='lat' dir='ltr'>quidem</span> <span class='ocrx_word' id='word_1_102' title='bbox 2075 809 2288 864; x_wconf 87' lang='lat' dir='ltr'>influunt,</span> <span class='ocrx_word' id='word_1_103' title='bbox 2337 806 2415 854; x_wconf 86' lang='lat' dir='ltr'>sed</span> 
     </span>
     <span class='ocr_line' id='line_1_10' title="bbox 430 872 2414 940; baseline -0.002 -18"><span class='ocrx_word' id='word_1_104' title='bbox 430 875 710 936; x_wconf 83' lang='lat' dir='ltr'>recipiuntur</span> <span class='ocrx_word' id='word_1_105' title='bbox 733 872 778 919; x_wconf 87' lang='lat' dir='ltr'>in</span> <span class='ocrx_word' id='word_1_106' title='bbox 802 873 968 938; x_wconf 81' lang='lat' dir='ltr'>frigore</span> <span class='ocrx_word' id='word_1_107' title='bbox 993 876 1043 923; x_wconf 81' lang='grc' dir='ltr'>ὅτ</span> <span class='ocrx_word' id='word_1_108' title='bbox 1064 876 1277 936; x_wconf 86' lang='lat' dir='ltr'>caligine,</span> <span class='ocrx_word' id='word_1_109' title='bbox 1317 879 1360 922; x_wconf 90' lang='lat' dir='ltr'>in</span> <span class='ocrx_word' id='word_1_110' title='bbox 1386 875 1554 938; x_wconf 85' lang='lat' dir='ltr'>frigore</span> <span class='ocrx_word' id='word_1_111' title='bbox 1587 877 1698 940; x_wconf 86' lang='lat' dir='ltr'>quia</span> <span class='ocrx_word' id='word_1_112' title='bbox 1733 877 1908 922; x_wconf 90' lang='lat' dir='ltr'>bonum</span> <span class='ocrx_word' id='word_1_113' title='bbox 1944 874 2169 922; x_wconf 86' lang='lat' dir='ltr'>charitatis</span> <span class='ocrx_word' id='word_1_114' title='bbox 2205 888 2297 920; x_wconf 88' lang='lat' dir='ltr'>non</span> <span class='ocrx_word' id='word_1_115' title='bbox 2329 872 2414 928; x_wconf 89' lang='lat' dir='ltr'>est,</span> 
     </span>
     <span class='ocr_line' id='line_1_11' title="bbox 429 937 2413 1005; baseline -0.001 -19"><span class='ocrx_word' id='word_1_116' title='bbox 429 939 477 986; x_wconf 88' lang='lat' dir='ltr'>in</span> <span class='ocrx_word' id='word_1_117' title='bbox 498 939 690 1002; x_wconf 88' lang='lat' dir='ltr'>caligine</span> <span class='ocrx_word' id='word_1_118' title='bbox 710 940 816 1000; x_wconf 87' lang='lat' dir='ltr'>quia</span> <span class='ocrx_word' id='word_1_119' title='bbox 840 939 936 997; x_wconf 84' lang='lat' dir='ltr'>lux,</span> <span class='ocrx_word' id='word_1_120' title='bbox 972 956 1062 1003; x_wconf 87' lang='lat' dir='ltr'>qua</span> <span class='ocrx_word' id='word_1_121' title='bbox 1087 942 1311 1003; x_wconf 89' lang='lat' dir='ltr'>recipiunt</span> <span class='ocrx_word' id='word_1_122' title='bbox 1336 942 1427 996; x_wconf 85' lang='lat' dir='ltr'>illa,</span> <span class='ocrx_word' id='word_1_123' title='bbox 1463 941 1528 987; x_wconf 90' lang='lat' dir='ltr'>est</span> <span class='ocrx_word' id='word_1_124' title='bbox 1549 942 1675 1005; x_wconf 82' lang='lat' dir='ltr'>quasi</span> <span class='ocrx_word' id='word_1_125' title='bbox 1700 942 1780 988; x_wconf 83' lang='lat' dir='ltr'>lux</span> <span class='ocrx_word' id='word_1_126' title='bbox 1805 943 1999 1003; x_wconf 85' lang='lat' dir='ltr'>hyemis,</span> <span class='ocrx_word' id='word_1_127' title='bbox 2034 955 2146 1004; x_wconf 84' lang='lat' dir='ltr'>quae</span> <span class='ocrx_word' id='word_1_128' title='bbox 2170 940 2245 986; x_wconf 90' lang='lat' dir='ltr'>lux</span> <span class='ocrx_word' id='word_1_129' title='bbox 2268 937 2331 985; x_wconf 88' lang='lat' dir='ltr'>est</span> <span class='ocrx_word' id='word_1_130' title='bbox 2353 939 2413 985; x_wconf 90' lang='lat' dir='ltr'>ad</span> 
     </span>
     <span class='ocr_line' id='line_1_12' title="bbox 429 1003 2413 1069; baseline -0.001 -17"><span class='ocrx_word' id='word_1_131' title='bbox 429 1003 575 1052; x_wconf 89' lang='lat' dir='ltr'>lucem</span> <span class='ocrx_word' id='word_1_132' title='bbox 615 1005 722 1051; x_wconf 90' lang='lat' dir='ltr'>coeli</span> <span class='ocrx_word' id='word_1_133' title='bbox 748 1018 797 1052; x_wconf 93' lang='lat' dir='ltr'>ut</span> <span class='ocrx_word' id='word_1_134' title='bbox 819 1006 1008 1069; x_wconf 77' lang='lat' dir='ltr'>calig03</span> <span class='ocrx_word' id='word_1_135' title='bbox 1060 1007 1289 1065; x_wconf 77' lang='lat' dir='ltr'>interiora¹</span> <span class='ocrx_word' id='word_1_136' title='bbox 1309 1022 1468 1053; x_wconf 89' lang='lat' dir='ltr'>eorum</span> <span class='ocrx_word' id='word_1_137' title='bbox 1503 1022 1586 1053; x_wconf 88' lang='lat' dir='ltr'>nec</span> <span class='ocrx_word' id='word_1_138' title='bbox 1621 1022 1776 1068; x_wconf 89' lang='lat' dir='ltr'>aperta</span> <span class='ocrx_word' id='word_1_139' title='bbox 1809 1006 1983 1054; x_wconf 85' lang='lat' dir='ltr'>suntad</span> <span class='ocrx_word' id='word_1_140' title='bbox 2007 1007 2201 1061; x_wconf 86' lang='lat' dir='ltr'>coelum,</span> <span class='ocrx_word' id='word_1_141' title='bbox 2256 1003 2330 1050; x_wconf 92' lang='lat' dir='ltr'>sed</span> <span class='ocrx_word' id='word_1_142' title='bbox 2352 1004 2413 1050; x_wconf 90' lang='lat' dir='ltr'>ad</span> 
     </span>
     <span class='ocr_line' id='line_1_13' title="bbox 433 1070 2414 1133; baseline -0.001 -15"><span class='ocrx_word' id='word_1_143' title='bbox 433 1071 683 1125; x_wconf 89' lang='lat' dir='ltr'>mundum,</span> <span class='ocrx_word' id='word_1_144' title='bbox 719 1070 764 1116; x_wconf 89' lang='lat' dir='ltr'>in</span> <span class='ocrx_word' id='word_1_145' title='bbox 789 1071 911 1118; x_wconf 92' lang='lat' dir='ltr'>hunc</span> <span class='ocrx_word' id='word_1_146' title='bbox 933 1072 1234 1120; x_wconf 83' lang='lat' dir='ltr'>determinant</span> <span class='ocrx_word' id='word_1_147' title='bbox 1269 1072 1500 1120; x_wconf 85' lang='lat' dir='ltr'>influxum</span> <span class='ocrx_word' id='word_1_148' title='bbox 1526 1073 1619 1120; x_wconf 90' lang='lat' dir='ltr'>veri</span> <span class='ocrx_word' id='word_1_149' title='bbox 1643 1074 1693 1120; x_wconf 89' lang='lat'>&amp;</span> <span class='ocrx_word' id='word_1_150' title='bbox 1718 1073 1826 1119; x_wconf 91' lang='lat' dir='ltr'>boni</span> <span class='ocrx_word' id='word_1_151' title='bbox 1850 1088 1875 1118; x_wconf 91' lang='lat' dir='ltr'>e</span> <span class='ocrx_word' id='word_1_152' title='bbox 1898 1073 2054 1126; x_wconf 89' lang='lat' dir='ltr'>coelo·,</span> <span class='ocrx_word' id='word_1_153' title='bbox 2100 1071 2205 1118; x_wconf 90' lang='lat' dir='ltr'>inde</span> <span class='ocrx_word' id='word_1_154' title='bbox 2225 1084 2414 1133; x_wconf 87' lang='lat' dir='ltr'>quoque.</span> 
     </span>
     <span class='ocr_line' id='line_1_14' title="bbox 431 1122 2413 1201; baseline -0.001 -19"><span class='ocrx_word' id='word_1_155' title='bbox 431 1135 564 1190; x_wconf 70' lang='lat' dir='ltr'>ideae,</span> <span class='ocrx_word' id='word_1_156' title='bbox 598 1151 707 1199; x_wconf 89' lang='lat' dir='ltr'>quas</span> <span class='ocrx_word' id='word_1_157' title='bbox 733 1137 778 1182; x_wconf 88' lang='lat' dir='ltr'>hi</span> <span class='ocrx_word' id='word_1_158' title='bbox 802 1122 969 1184; x_wconf 68' lang='lat' dir='ltr'>hab⁸ent</span> <span class='ocrx_word' id='word_1_159' title='bbox 991 1137 1048 1201; x_wconf 85' lang='lat' dir='ltr'>de</span> <span class='ocrx_word' id='word_1_160' title='bbox 1072 1138 1180 1185; x_wconf 86' lang='lat' dir='ltr'>fidei</span> <span class='ocrx_word' id='word_1_161' title='bbox 1207 1139 1330 1185; x_wconf 90' lang='lat' dir='ltr'>bono</span> <span class='ocrx_word' id='word_1_162' title='bbox 1353 1140 1403 1186; x_wconf 85' lang='lat'>&amp;</span> <span class='ocrx_word' id='word_1_163' title='bbox 1428 1154 1554 1195; x_wconf 89' lang='lat' dir='ltr'>vero,</span> <span class='ocrx_word' id='word_1_164' title='bbox 1607 1139 1707 1185; x_wconf 90' lang='lat' dir='ltr'>sunt</span> <span class='ocrx_word' id='word_1_165' title='bbox 1732 1153 1852 1185; x_wconf 87' lang='lat' dir='ltr'>mere</span> <span class='ocrx_word' id='word_1_166' title='bbox 1877 1137 2112 1192; x_wconf 87' lang='lat' dir='ltr'>naturales,</span> <span class='ocrx_word' id='word_1_167' title='bbox 2149 1137 2244 1182; x_wconf 88' lang='lat' dir='ltr'>imo</span> <span class='ocrx_word' id='word_1_168' title='bbox 2267 1147 2413 1182; x_wconf 84' lang='lat' dir='ltr'>mate-</span> 
     </span>
     <span class='ocr_line' id='line_1_15' title="bbox 430 1200 2413 1266; baseline 0.001 -19"><span class='ocrx_word' id='word_1_169' title='bbox 430 1201 576 1256; x_wconf 80' lang='lat' dir='ltr'>rialeS‚</span> <span class='ocrx_word' id='word_1_170' title='bbox 613 1218 720 1264; x_wconf 86' lang='lat' dir='ltr'>quae</span> <span class='ocrx_word' id='word_1_171' title='bbox 744 1203 789 1248; x_wconf 89' lang='lat' dir='ltr'>in</span> <span class='ocrx_word' id='word_1_172' title='bbox 816 1203 990 1250; x_wconf 88' lang='lat' dir='ltr'>mundo</span> <span class='ocrx_word' id='word_1_173' title='bbox 1013 1201 1588 1266; x_wconf 21' lang='lat' dir='ltr'>spiritualilrepraesentatae</span> <span class='ocrx_word' id='word_1_174' title='bbox 1612 1203 1710 1250; x_wconf 88' lang='lat' dir='ltr'>sunt</span> <span class='ocrx_word' id='word_1_175' title='bbox 1734 1203 1978 1259; x_wconf 79' lang='lat' dir='ltr'>deformes,</span> <span class='ocrx_word' id='word_1_176' title='bbox 2016 1204 2066 1250; x_wconf 88' lang='lat'>&amp;</span> <span class='ocrx_word' id='word_1_177' title='bbox 2092 1218 2181 1249; x_wconf 90' lang='lat' dir='ltr'>non</span> <span class='ocrx_word' id='word_1_178' title='bbox 2208 1200 2413 1264; x_wconf 84' lang='lat' dir='ltr'>aliquam</span> 
     </span>
     <span class='ocr_line' id='line_1_16' title="bbox 431 1265 2412 1333; baseline 0.001 -20"><span class='ocrx_word' id='word_1_179' title='bbox 431 1266 776 1315; x_wconf 81' lang='lat' dir='ltr'>similitudinem</span> <span class='ocrx_word' id='word_1_180' title='bbox 811 1269 1011 1316; x_wconf 87' lang='lat' dir='ltr'>hominis</span> <span class='ocrx_word' id='word_1_181' title='bbox 1036 1269 1201 1318; x_wconf 85' lang='lat' dir='ltr'>habent</span> <span class='ocrx_word' id='word_1_182' title='bbox 1221 1291 1236 1324; x_wconf 87' lang='lat'>;</span> <span class='ocrx_word' id='word_1_183' title='bbox 1271 1283 1316 1317; x_wconf 91' lang='lat' dir='ltr'>at</span> <span class='ocrx_word' id='word_1_184' title='bbox 1340 1286 1442 1316; x_wconf 88' lang='lat' dir='ltr'>vera</span> <span class='ocrx_word' id='word_1_185' title='bbox 1466 1270 1512 1316; x_wconf 74' lang='grc' dir='ltr'>ὅτ</span> <span class='ocrx_word' id='word_1_186' title='bbox 1540 1271 1660 1316; x_wconf 90' lang='lat' dir='ltr'>bona</span> <span class='ocrx_word' id='word_1_187' title='bbox 1684 1270 1789 1317; x_wconf 87' lang='lat' dir='ltr'>fidei</span> <span class='ocrx_word' id='word_1_188' title='bbox 1815 1269 1998 1317; x_wconf 89' lang='lat' dir='ltr'>illorum</span> <span class='ocrx_word' id='word_1_189' title='bbox 2023 1268 2106 1333; x_wconf 92' lang='lat' dir='ltr'>qui</span> <span class='ocrx_word' id='word_1_190' title='bbox 2129 1269 2186 1314; x_wconf 85' lang='lat' dir='ltr'>ab</span> <span class='ocrx_word' id='word_1_191' title='bbox 2212 1265 2412 1315; x_wconf 78' lang='lat' dir='ltr'>Ecclefia</span> 
     </span>
     <span class='ocr_line' id='line_1_17' title="bbox 433 1332 2414 1398; baseline 0 -18"><span class='ocrx_word' id='word_1_192' title='bbox 433 1333 552 1389; x_wconf 88' lang='lat' dir='ltr'>sunt,</span> <span class='ocrx_word' id='word_1_193' title='bbox 587 1334 638 1380; x_wconf 79' lang='grc' dir='ltr'>ὅτ</span> <span class='ocrx_word' id='word_1_194' title='bbox 671 1333 909 1390; x_wconf 88' lang='lat' dir='ltr'>salvantur,</span> <span class='ocrx_word' id='word_1_195' title='bbox 947 1334 1047 1382; x_wconf 93' lang='lat' dir='ltr'>sunt</span> <span class='ocrx_word' id='word_1_196' title='bbox 1082 1333 1343 1398; x_wconf 78' lang='lat' dir='ltr'>spirituales,</span> <span class='ocrx_word' id='word_1_197' title='bbox 1381 1336 1431 1382; x_wconf 77' lang='grc' dir='ltr'>δε</span> <span class='ocrx_word' id='word_1_198' title='bbox 1466 1335 1641 1382; x_wconf 85' lang='lat' dir='ltr'>tametli</span> <span class='ocrx_word' id='word_1_199' title='bbox 1680 1337 1976 1382; x_wconf 87' lang='lat' dir='ltr'>terminantur</span> <span class='ocrx_word' id='word_1_200' title='bbox 2016 1336 2060 1381; x_wconf 92' lang='lat' dir='ltr'>in</span> <span class='ocrx_word' id='word_1_201' title='bbox 2103 1332 2414 1381; x_wconf 88' lang='lat' dir='ltr'>materialibus</span> 
     </span>
     <span class='ocr_line' id='line_1_18' title="bbox 429 1395 2414 1464; baseline 0.001 -19"><span class='ocrx_word' id='word_1_202' title='bbox 429 1414 536 1462; x_wconf 89' lang='lat' dir='ltr'>quae</span> <span class='ocrx_word' id='word_1_203' title='bbox 560 1399 722 1446; x_wconf 86' lang='lat' dir='ltr'>mundi</span> <span class='ocrx_word' id='word_1_204' title='bbox 749 1395 868 1456; x_wconf 71' lang='lat' dir='ltr'>lu&#39;nt,</span> <span class='ocrx_word' id='word_1_205' title='bbox 904 1400 1047 1464; x_wconf 88' lang='lat' dir='ltr'>usque</span> <span class='ocrx_word' id='word_1_206' title='bbox 1061 1415 1211 1449; x_wconf 83' lang='lat' dir='ltr'>tamen</span> <span class='ocrx_word' id='word_1_207' title='bbox 1230 1404 1288 1449; x_wconf 90' lang='lat' dir='ltr'>ab</span> <span class='ocrx_word' id='word_1_208' title='bbox 1309 1402 1393 1448; x_wconf 81' lang='lat' dir='ltr'>illis</span> <span class='ocrx_word' id='word_1_209' title='bbox 1413 1401 1625 1464; x_wconf 68' lang='lat' dir='ltr'>separatae</span> <span class='ocrx_word' id='word_1_210' title='bbox 1651 1401 1766 1457; x_wconf 87' lang='lat' dir='ltr'>sunt,</span> <span class='ocrx_word' id='word_1_211' title='bbox 1803 1417 1908 1448; x_wconf 85' lang='lat' dir='ltr'>nam</span> <span class='ocrx_word' id='word_1_212' title='bbox 1932 1401 1989 1448; x_wconf 89' lang='lat' dir='ltr'>ab</span> <span class='ocrx_word' id='word_1_213' title='bbox 2014 1399 2100 1447; x_wconf 80' lang='lat' dir='ltr'>illis</span> <span class='ocrx_word' id='word_1_214' title='bbox 2118 1399 2282 1446; x_wconf 88' lang='lat' dir='ltr'>elevari</span> <span class='ocrx_word' id='word_1_215' title='bbox 2308 1399 2414 1462; x_wconf 89' lang='lat' dir='ltr'>pos-</span> 
     </span>
     <span class='ocr_line' id='line_1_19' title="bbox 429 1464 2413 1530; baseline 0 -18"><span class='ocrx_word' id='word_1_216' title='bbox 429 1465 530 1512; x_wconf 86' lang='lat' dir='ltr'>sunt</span> <span class='ocrx_word' id='word_1_217' title='bbox 554 1483 568 1517; x_wconf 61' lang='grc' dir='ltr'>ς</span> <span class='ocrx_word' id='word_1_218' title='bbox 624 1465 791 1513; x_wconf 86' lang='lat' dir='ltr'>horum</span> <span class='ocrx_word' id='word_1_219' title='bbox 816 1466 932 1513; x_wconf 86' lang='lat' dir='ltr'>ideae</span> <span class='ocrx_word' id='word_1_220' title='bbox 957 1467 1001 1512; x_wconf 89' lang='lat' dir='ltr'>in</span> <span class='ocrx_word' id='word_1_221' title='bbox 1027 1468 1205 1515; x_wconf 91' lang='lat' dir='ltr'>mundo</span> <span class='ocrx_word' id='word_1_222' title='bbox 1230 1467 1444 1530; x_wconf 83' lang='lat' dir='ltr'>spirituali</span> <span class='ocrx_word' id='word_1_223' title='bbox 1472 1466 1802 1528; x_wconf 74' lang='lat' dir='ltr'>repraesentata:</span> <span class='ocrx_word' id='word_1_224' title='bbox 1828 1465 1928 1513; x_wconf 88' lang='lat' dir='ltr'>sunt</span> <span class='ocrx_word' id='word_1_225' title='bbox 1953 1466 2169 1529; x_wconf 85' lang='lat' dir='ltr'>pulchrae,</span> <span class='ocrx_word' id='word_1_226' title='bbox 2214 1464 2263 1511; x_wconf 87' lang='lat'>&amp;</span> <span class='ocrx_word' id='word_1_227' title='bbox 2289 1465 2413 1512; x_wconf 83' lang='lat' dir='ltr'>suni-</span> 
     </span>
     <span class='ocr_line' id='line_1_20' title="bbox 426 1530 2440 1596; baseline 0 -18"><span class='ocrx_word' id='word_1_228' title='bbox 426 1530 668 1578; x_wconf 88' lang='lat' dir='ltr'>litudinem</span> <span class='ocrx_word' id='word_1_229' title='bbox 700 1531 899 1580; x_wconf 86' lang='lat' dir='ltr'>hominis</span> <span class='ocrx_word' id='word_1_230' title='bbox 929 1533 1125 1581; x_wconf 87' lang='lat' dir='ltr'>babent:</span> <span class='ocrx_word' id='word_1_231' title='bbox 1162 1535 1260 1581; x_wconf 90' lang='lat' dir='ltr'>talis</span> <span class='ocrx_word' id='word_1_232' title='bbox 1293 1532 1550 1580; x_wconf 85' lang='lat' dir='ltr'>differentia</span> <span class='ocrx_word' id='word_1_233' title='bbox 1583 1531 1666 1590; x_wconf 89' lang='lat' dir='ltr'>est,</span> <span class='ocrx_word' id='word_1_234' title='bbox 1705 1545 1928 1596; x_wconf 87' lang='lat' dir='ltr'>utcunque</span> <span class='ocrx_word' id='word_1_235' title='bbox 1961 1532 2008 1578; x_wconf 92' lang='lat' dir='ltr'>in</span> <span class='ocrx_word' id='word_1_236' title='bbox 2042 1546 2227 1578; x_wconf 85' lang='lat' dir='ltr'>externa</span> <span class='ocrx_word' id='word_1_237' title='bbox 2261 1530 2440 1589; x_wconf 17' lang='lat' dir='ltr'>forma*</span> 
     </span>
     <span class='ocr_line' id='line_1_21' title="bbox 428 1595 2414 1660; baseline 0.001 -18"><span class='ocrx_word' id='word_1_238' title='bbox 428 1610 644 1660; x_wconf 87' lang='lat' dir='ltr'>apparent</span> <span class='ocrx_word' id='word_1_239' title='bbox 669 1595 842 1652; x_wconf 74' lang='lat' dir='ltr'>similia,</span> <span class='ocrx_word' id='word_1_240' title='bbox 877 1598 965 1644; x_wconf 89' lang='lat' dir='ltr'>hoc</span> <span class='ocrx_word' id='word_1_241' title='bbox 985 1597 1068 1654; x_wconf 85' lang='lat' dir='ltr'>est,</span> <span class='ocrx_word' id='word_1_242' title='bbox 1106 1599 1150 1645; x_wconf 90' lang='lat' dir='ltr'>in</span> <span class='ocrx_word' id='word_1_243' title='bbox 1176 1599 1380 1646; x_wconf 89' lang='lat' dir='ltr'>sermone</span> <span class='ocrx_word' id='word_1_244' title='bbox 1404 1599 1453 1646; x_wconf 84' lang='lat'>&amp;</span> <span class='ocrx_word' id='word_1_245' title='bbox 1478 1597 1811 1660; x_wconf 74' lang='lat' dir='ltr'>praedicatione.</span> <span class='ocrx_word' id='word_1_246' title='bbox 1883 1597 2025 1646; x_wconf 89' lang='lat' dir='ltr'>Causa</span> <span class='ocrx_word' id='word_1_247' title='bbox 2047 1597 2174 1659; x_wconf 90' lang='lat' dir='ltr'>quod</span> <span class='ocrx_word' id='word_1_248' title='bbox 2200 1596 2300 1645; x_wconf 85' lang='lat' dir='ltr'>talis</span> <span class='ocrx_word' id='word_1_249' title='bbox 2323 1596 2414 1644; x_wconf 86' lang='lat' dir='ltr'>dif-</span> 
     </span>
     <span class='ocr_line' id='line_1_22' title="bbox 430 1661 2411 1728; baseline 0.001 -19"><span class='ocrx_word' id='word_1_250' title='bbox 430 1662 612 1709; x_wconf 88' lang='lat' dir='ltr'>ferentia</span> <span class='ocrx_word' id='word_1_251' title='bbox 633 1661 700 1718; x_wconf 82' lang='lat' dir='ltr'>fit,</span> <span class='ocrx_word' id='word_1_252' title='bbox 737 1663 800 1710; x_wconf 88' lang='lat' dir='ltr'>est</span> <span class='ocrx_word' id='word_1_253' title='bbox 820 1663 929 1720; x_wconf 89' lang='lat' dir='ltr'>vita,</span> <span class='ocrx_word' id='word_1_254' title='bbox 966 1665 1138 1711; x_wconf 87' lang='lat' dir='ltr'>bonurn</span> <span class='ocrx_word' id='word_1_255' title='bbox 1163 1665 1289 1712; x_wconf 87' lang='lat' dir='ltr'>enim</span> <span class='ocrx_word' id='word_1_256' title='bbox 1314 1665 1439 1719; x_wconf 82' lang='lat' dir='ltr'>vitae,</span> <span class='ocrx_word' id='word_1_257' title='bbox 1476 1663 1599 1728; x_wconf 91' lang='lat' dir='ltr'>quod</span> <span class='ocrx_word' id='word_1_258' title='bbox 1622 1665 1686 1711; x_wconf 86' lang='lat' dir='ltr'>est</span> <span class='ocrx_word' id='word_1_259' title='bbox 1710 1679 1766 1711; x_wconf 86' lang='lat' dir='ltr'>ex</span> <span class='ocrx_word' id='word_1_260' title='bbox 1789 1663 2020 1719; x_wconf 85' lang='lat' dir='ltr'>charitate,</span> <span class='ocrx_word' id='word_1_261' title='bbox 2055 1679 2164 1710; x_wconf 90' lang='lat' dir='ltr'>cum</span> <span class='ocrx_word' id='word_1_262' title='bbox 2187 1663 2337 1710; x_wconf 87' lang='lat' dir='ltr'>influit</span> <span class='ocrx_word' id='word_1_263' title='bbox 2360 1664 2411 1710; x_wconf 88' lang='lat' dir='ltr'>in</span> 
     </span>
     <span class='ocr_line' id='line_1_23' title="bbox 430 1727 2408 1793; baseline 0 -18"><span class='ocrx_word' id='word_1_264' title='bbox 430 1727 746 1784; x_wconf 66' lang='lat' dir='ltr'>intellectuale,</span> <span class='ocrx_word' id='word_1_265' title='bbox 781 1730 910 1792; x_wconf 87' lang='lat' dir='ltr'>quod</span> <span class='ocrx_word' id='word_1_266' title='bbox 934 1730 1268 1793; x_wconf 87' lang='lat' dir='ltr'>receptaculum</span> <span class='ocrx_word' id='word_1_267' title='bbox 1288 1730 1352 1777; x_wconf 86' lang='lat' dir='ltr'>est</span> <span class='ocrx_word' id='word_1_268' title='bbox 1370 1729 1483 1786; x_wconf 87' lang='lat' dir='ltr'>veri,</span> <span class='ocrx_word' id='word_1_269' title='bbox 1523 1728 1693 1778; x_wconf 87' lang='lat' dir='ltr'>format</span> <span class='ocrx_word' id='word_1_270' title='bbox 1711 1730 1831 1777; x_wconf 89' lang='lat' dir='ltr'>ideas</span> <span class='ocrx_word' id='word_1_271' title='bbox 1854 1730 1912 1776; x_wconf 90' lang='lat' dir='ltr'>de</span> <span class='ocrx_word' id='word_1_272' title='bbox 1935 1728 2066 1776; x_wconf 86' lang='lat' dir='ltr'>bonis</span> <span class='ocrx_word' id='word_1_273' title='bbox 2089 1730 2139 1776; x_wconf 77' lang='grc' dir='ltr'>δε</span> <span class='ocrx_word' id='word_1_274' title='bbox 2159 1732 2274 1776; x_wconf 84' lang='lat' dir='ltr'>veris</span> <span class='ocrx_word' id='word_1_275' title='bbox 2298 1729 2408 1776; x_wconf 84' lang='lat' dir='ltr'>fidei</span> 
     </span>
     <span class='ocr_line' id='line_1_24' title="bbox 427 1794 2413 1859; baseline 0 -18"><span class='ocrx_word' id='word_1_276' title='bbox 427 1794 669 1858; x_wconf 85' lang='lat' dir='ltr'>pulchras;</span> <span class='ocrx_word' id='word_1_277' title='bbox 703 1809 749 1840; x_wconf 90' lang='lat' dir='ltr'>at</span> <span class='ocrx_word' id='word_1_278' title='bbox 773 1796 946 1842; x_wconf 91' lang='lat' dir='ltr'>malurn</span> <span class='ocrx_word' id='word_1_279' title='bbox 972 1798 1099 1851; x_wconf 86' lang='lat' dir='ltr'>vitae,</span> <span class='ocrx_word' id='word_1_280' title='bbox 1134 1797 1261 1859; x_wconf 92' lang='lat' dir='ltr'>quod</span> <span class='ocrx_word' id='word_1_281' title='bbox 1281 1796 1556 1843; x_wconf 85' lang='lat' dir='ltr'>contrarium</span> <span class='ocrx_word' id='word_1_282' title='bbox 1578 1795 1642 1842; x_wconf 90' lang='lat' dir='ltr'>est</span> <span class='ocrx_word' id='word_1_283' title='bbox 1657 1795 1881 1851; x_wconf 87' lang='lat' dir='ltr'>charitati,</span> <span class='ocrx_word' id='word_1_284' title='bbox 1916 1810 2021 1843; x_wconf 90' lang='lat' dir='ltr'>cum</span> <span class='ocrx_word' id='word_1_285' title='bbox 2039 1794 2256 1850; x_wconf 52' lang='lat' dir='ltr'>influissin</span> <span class='ocrx_word' id='word_1_286' title='bbox 2274 1794 2413 1841; x_wconf 89' lang='lat' dir='ltr'>intel·</span> 
     </span>
     <span class='ocr_line' id='line_1_25' title="bbox 425 1859 2410 1925; baseline 0.001 -18"><span class='ocrx_word' id='word_1_287' title='bbox 425 1859 632 1916; x_wconf 60' lang='lat' dir='ltr'>stemate,</span> <span class='ocrx_word' id='word_1_288' title='bbox 668 1859 776 1908; x_wconf 74' lang='lat' dir='ltr'>facit</span> <span class='ocrx_word' id='word_1_289' title='bbox 794 1861 914 1908; x_wconf 88' lang='lat' dir='ltr'>ideas</span> <span class='ocrx_word' id='word_1_290' title='bbox 937 1861 994 1908; x_wconf 91' lang='lat' dir='ltr'>de</span> <span class='ocrx_word' id='word_1_291' title='bbox 1012 1863 1141 1909; x_wconf 90' lang='lat' dir='ltr'>bonis</span> <span class='ocrx_word' id='word_1_292' title='bbox 1163 1863 1214 1910; x_wconf 88' lang='lat'>&amp;</span> <span class='ocrx_word' id='word_1_293' title='bbox 1239 1863 1354 1910; x_wconf 82' lang='lat' dir='ltr'>veris</span> <span class='ocrx_word' id='word_1_294' title='bbox 1372 1860 1479 1910; x_wconf 83' lang='lat' dir='ltr'>fidei</span> <span class='ocrx_word' id='word_1_295' title='bbox 1498 1859 1743 1919; x_wconf 81' lang='lat' dir='ltr'>deformeS,</span> <span class='ocrx_word' id='word_1_296' title='bbox 1779 1861 1827 1909; x_wconf 90' lang='lat'>&amp;</span> <span class='ocrx_word' id='word_1_297' title='bbox 1854 1861 1963 1909; x_wconf 89' lang='lat' dir='ltr'>tales</span> <span class='ocrx_word' id='word_1_298' title='bbox 1985 1873 2039 1909; x_wconf 90' lang='lat' dir='ltr'>ut</span> <span class='ocrx_word' id='word_1_299' title='bbox 2053 1876 2145 1908; x_wconf 91' lang='lat' dir='ltr'>non</span> <span class='ocrx_word' id='word_1_300' title='bbox 2167 1860 2410 1925; x_wconf 84' lang='lat' dir='ltr'>agnoscan-</span> 
     </span>
     <span class='ocr_line' id='line_1_26' title="bbox 428 1925 2418 1974; baseline -0.003 -1"><span class='ocrx_word' id='word_1_301' title='bbox 428 1938 502 1974; x_wconf 89' lang='lat' dir='ltr'>tur</span> <span class='ocrx_word' id='word_1_302' title='bbox 521 1925 567 1972; x_wconf 90' lang='lat' dir='ltr'>in</span> <span class='ocrx_word' id='word_1_303' title='bbox 591 1927 724 1974; x_wconf 87' lang='lat' dir='ltr'>coelo.</span> <span class='ocrx_word' id='word_1_304' title='bbox 2412 1965 2418 1968; x_wconf 88' lang='grc'><em>,</em></span> 
     </span>
     <span class='ocr_line' id='line_1_27' title="bbox 496 1991 2417 2060; baseline 0.001 -19"><span class='ocrx_word' id='word_1_305' title='bbox 496 2007 638 2056; x_wconf 91' lang='lat'><em>7507.</em></span> <span class='ocrx_word' id='word_1_306' title='bbox 684 1991 749 2040; x_wconf 90' lang='lat' dir='ltr'>Et</span> <span class='ocrx_word' id='word_1_307' title='bbox 781 2009 872 2040; x_wconf 88' lang='lat' dir='ltr'>non</span> <span class='ocrx_word' id='word_1_308' title='bbox 907 1995 1124 2042; x_wconf 87' lang='lat' dir='ltr'>morietur</span> <span class='ocrx_word' id='word_1_309' title='bbox 1146 1995 1203 2043; x_wconf 89' lang='lat' dir='ltr'>de</span> <span class='ocrx_word' id='word_1_310' title='bbox 1224 1997 1353 2044; x_wconf 87' lang='lat' dir='ltr'>omni</span> <span class='ocrx_word' id='word_1_311' title='bbox 1378 1995 1483 2044; x_wconf 84' lang='lat' dir='ltr'>filiis</span> <span class='ocrx_word' id='word_1_312' title='bbox 1509 1995 1672 2044; x_wconf 88' lang='lat' dir='ltr'>Israelis</span> <span class='ocrx_word' id='word_1_313' title='bbox 1704 1997 1967 2060; x_wconf 88' lang='lat' dir='ltr'>quicquam,</span> <span class='ocrx_word' id='word_1_314' title='bbox 2019 1994 2147 2059; x_wconf 89' lang='lat' dir='ltr'>quod</span> <span class='ocrx_word' id='word_1_315' title='bbox 2183 1995 2417 2059; x_wconf 73' lang='lat' dir='ltr'>significet.</span> 
     </span>
     <span class='ocr_line' id='line_1_28' title="bbox 429 2058 2406 2125; baseline 0.002 -21"><span class='ocrx_word' id='word_1_316' title='bbox 429 2058 555 2120; x_wconf 85' lang='lat' dir='ltr'>quod</span> <span class='ocrx_word' id='word_1_317' title='bbox 588 2074 677 2104; x_wconf 85' lang='lat' dir='ltr'>non</span> <span class='ocrx_word' id='word_1_318' title='bbox 713 2059 1052 2116; x_wconf 88' lang='lat' dir='ltr'>consumentur,</span> <span class='ocrx_word' id='word_1_319' title='bbox 1089 2062 1262 2108; x_wconf 87' lang='lat' dir='ltr'>constat</span> <span class='ocrx_word' id='word_1_320' title='bbox 1284 2077 1339 2108; x_wconf 88' lang='lat' dir='ltr'>ex</span> <span class='ocrx_word' id='word_1_321' title='bbox 1362 2061 1690 2125; x_wconf 72' lang='lat' dir='ltr'>significatione</span> <span class='ocrx_word' id='word_1_322' title='bbox 1717 2077 1807 2108; x_wconf 91' lang='lat' dir='ltr'>non</span> <span class='ocrx_word' id='word_1_323' title='bbox 1835 2061 1949 2108; x_wconf 89' lang='lat' dir='ltr'>mori</span> <span class='ocrx_word' id='word_1_324' title='bbox 1973 2062 2240 2125; x_wconf 82' lang='lat' dir='ltr'>quicquam,</span> <span class='ocrx_word' id='word_1_325' title='bbox 2275 2061 2406 2124; x_wconf 90' lang='lat' dir='ltr'>quod</span> 
     </span>
     <span class='ocr_line' id='line_1_29' title="bbox 428 2123 2409 2191; baseline 0.002 -21"><span class='ocrx_word' id='word_1_326' title='bbox 428 2123 481 2170; x_wconf 81' lang='lat' dir='ltr'>lit</span> <span class='ocrx_word' id='word_1_327' title='bbox 506 2140 595 2169; x_wconf 90' lang='lat' dir='ltr'>non</span> <span class='ocrx_word' id='word_1_328' title='bbox 621 2124 822 2172; x_wconf 83' lang='lat' dir='ltr'>consumi</span> <span class='ocrx_word' id='word_1_329' title='bbox 845 2144 859 2176; x_wconf 73' lang='grc' dir='ltr'><strong>ς</strong></span> <span class='ocrx_word' id='word_1_330' title='bbox 909 2127 959 2173; x_wconf 86' lang='lat'>&amp;</span> <span class='ocrx_word' id='word_1_331' title='bbox 982 2142 1038 2173; x_wconf 90' lang='lat' dir='ltr'>ex</span> <span class='ocrx_word' id='word_1_332' title='bbox 1065 2127 1389 2187; x_wconf 82' lang='lat' dir='ltr'>significatione</span> <span class='ocrx_word' id='word_1_333' title='bbox 1414 2128 1602 2191; x_wconf 89' lang='lat' dir='ltr'>pecoris,</span> <span class='ocrx_word' id='word_1_334' title='bbox 1632 2126 1706 2174; x_wconf 72' lang='lat' dir='ltr'>-de</span> <span class='ocrx_word' id='word_1_335' title='bbox 1730 2143 1823 2189; x_wconf 90' lang='lat' dir='ltr'>quo</span> <span class='ocrx_word' id='word_1_336' title='bbox 1846 2126 2014 2173; x_wconf 86' lang='lat' dir='ltr'>dicitur</span> <span class='ocrx_word' id='word_1_337' title='bbox 2037 2128 2163 2190; x_wconf 90' lang='lat' dir='ltr'>quod</span> <span class='ocrx_word' id='word_1_338' title='bbox 2190 2142 2281 2172; x_wconf 91' lang='lat' dir='ltr'>non</span> <span class='ocrx_word' id='word_1_339' title='bbox 2308 2142 2409 2174; x_wconf 86' lang='lat' dir='ltr'>mo-</span> 
     </span>
     <span class='ocr_line' id='line_1_30' title="bbox 428 2190 2407 2257; baseline 0.003 -23"><span class='ocrx_word' id='word_1_340' title='bbox 428 2190 581 2245; x_wconf 85' lang='lat' dir='ltr'>rietur,</span> <span class='ocrx_word' id='word_1_341' title='bbox 618 2192 743 2253; x_wconf 83' lang='lat' dir='ltr'>quod</span> <span class='ocrx_word' id='word_1_342' title='bbox 766 2191 814 2237; x_wconf 85' lang='lat' dir='ltr'>fit</span> <span class='ocrx_word' id='word_1_343' title='bbox 839 2206 997 2238; x_wconf 86' lang='lat' dir='ltr'>verum</span> <span class='ocrx_word' id='word_1_344' title='bbox 1027 2193 1076 2239; x_wconf 90' lang='lat'>&amp;</span> <span class='ocrx_word' id='word_1_345' title='bbox 1097 2193 1273 2239; x_wconf 89' lang='lat' dir='ltr'>bonum</span> <span class='ocrx_word' id='word_1_346' title='bbox 1287 2193 1410 2250; x_wconf 82' lang='lat' dir='ltr'>fidei,</span> <span class='ocrx_word' id='word_1_347' title='bbox 1447 2194 1503 2240; x_wconf 91' lang='lat' dir='ltr'>de</span> <span class='ocrx_word' id='word_1_348' title='bbox 1521 2209 1614 2257; x_wconf 90' lang='lat' dir='ltr'>qua</span> <span class='ocrx_word' id='word_1_349' title='bbox 1651 2191 1783 2255; x_wconf 90' lang='lat' dir='ltr'>supra</span> <span class='ocrx_word' id='word_1_350' title='bbox 1804 2209 1855 2238; x_wconf 86' lang='lat' dir='ltr'>n:</span> <span class='ocrx_word' id='word_1_351' title='bbox 1883 2207 2010 2256; x_wconf 85' lang='lat'>7502</span> <span class='ocrx_word' id='word_1_352' title='bbox 2035 2213 2049 2245; x_wconf 90' lang='grc'>·,</span> <span class='ocrx_word' id='word_1_353' title='bbox 2085 2194 2135 2240; x_wconf 73' lang='grc' dir='ltr'>δι’</span> <span class='ocrx_word' id='word_1_354' title='bbox 2159 2208 2214 2240; x_wconf 89' lang='lat' dir='ltr'>ex</span> <span class='ocrx_word' id='word_1_355' title='bbox 2239 2209 2407 2256; x_wconf 85' lang='lat' dir='ltr'>reprae-</span> 
     </span>
     <span class='ocr_line' id='line_1_31' title="bbox 426 2254 2406 2323; baseline 0.003 -22"><span class='ocrx_word' id='word_1_356' title='bbox 426 2254 677 2301; x_wconf 82' lang='lat' dir='ltr'>sentatione</span> <span class='ocrx_word' id='word_1_357' title='bbox 710 2256 908 2303; x_wconf 83' lang='lat' dir='ltr'>filiorum</span> <span class='ocrx_word' id='word_1_358' title='bbox 935 2256 1115 2312; x_wconf 78' lang='lat' dir='ltr'>Israelis,</span> <span class='ocrx_word' id='word_1_359' title='bbox 1167 2260 1293 2322; x_wconf 89' lang='lat' dir='ltr'>quod</span> <span class='ocrx_word' id='word_1_360' title='bbox 1322 2258 1404 2305; x_wconf 80' lang='lat' dir='ltr'>sint</span> <span class='ocrx_word' id='word_1_361' title='bbox 1428 2259 1508 2323; x_wconf 86' lang='lat' dir='ltr'>qui</span> <span class='ocrx_word' id='word_1_362' title='bbox 1534 2263 1594 2322; x_wconf 60' lang='lat' dir='ltr'>aq</span> <span class='ocrx_word' id='word_1_363' title='bbox 1615 2257 1812 2305; x_wconf 72' lang='lat' dir='ltr'>Ecclesia</span> <span class='ocrx_word' id='word_1_364' title='bbox 1839 2258 2057 2319; x_wconf 87' lang='lat' dir='ltr'>spirituali</span> <span class='ocrx_word' id='word_1_365' title='bbox 2081 2278 2094 2312; x_wconf 81' lang='lat'>3</span> <span class='ocrx_word' id='word_1_366' title='bbox 2148 2260 2273 2320; x_wconf 90' lang='lat' dir='ltr'>quod</span> <span class='ocrx_word' id='word_1_367' title='bbox 2311 2276 2406 2307; x_wconf 87' lang='lat' dir='ltr'>non</span> 
     </span>
     <span class='ocr_line' id='line_1_32' title="bbox 425 2322 2490 2392; baseline 0.002 -25"><span class='ocrx_word' id='word_1_368' title='bbox 425 2322 546 2381; x_wconf 33' lang='lat' dir='ltr'>mori,</span> <span class='ocrx_word' id='word_1_369' title='bbox 569 2335 736 2382; x_wconf 79' lang='lat' dir='ltr'>queant</span> <span class='ocrx_word' id='word_1_370' title='bbox 762 2322 876 2368; x_wconf 87' lang='lat' dir='ltr'>bona</span> <span class='ocrx_word' id='word_1_371' title='bbox 900 2323 948 2369; x_wconf 89' lang='lat'>&amp;</span> <span class='ocrx_word' id='word_1_372' title='bbox 973 2339 1076 2370; x_wconf 88' lang='lat' dir='ltr'>vera</span> <span class='ocrx_word' id='word_1_373' title='bbox 1100 2324 1206 2371; x_wconf 84' lang='lat' dir='ltr'>fidei</span> <span class='ocrx_word' id='word_1_374' title='bbox 1233 2339 1340 2388; x_wconf 89' lang='lat' dir='ltr'>quae</span> <span class='ocrx_word' id='word_1_375' title='bbox 1365 2325 1467 2379; x_wconf 80' lang='lat' dir='ltr'>illis,</span> <span class='ocrx_word' id='word_1_376' title='bbox 1512 2326 1592 2387; x_wconf 90' lang='lat' dir='ltr'>qui</span> <span class='ocrx_word' id='word_1_377' title='bbox 1616 2325 1672 2370; x_wconf 88' lang='lat' dir='ltr'>ab</span> <span class='ocrx_word' id='word_1_378' title='bbox 1696 2323 1906 2378; x_wconf 74' lang='lat' dir='ltr'>Ecclesia,</span> <span class='ocrx_word' id='word_1_379' title='bbox 1942 2323 2004 2369; x_wconf 88' lang='lat' dir='ltr'>est</span> <span class='ocrx_word' id='word_1_380' title='bbox 2029 2324 2139 2387; x_wconf 88' lang='lat' dir='ltr'>quia</span> <span class='ocrx_word' id='word_1_381' title='bbox 2162 2340 2243 2386; x_wconf 88' lang='lat' dir='ltr'>per</span> <span class='ocrx_word' id='word_1_382' title='bbox 2263 2325 2407 2373; x_wconf 72' lang='lat' dir='ltr'>chari·</span> <span class='ocrx_word' id='word_1_383' title='bbox 2479 2376 2490 2392; x_wconf 33' lang='grc' dir='ltr'>ι</span> 
     </span>
     <span class='ocr_line' id='line_1_33' title="bbox 427 2386 2407 2452; baseline 0.003 -20"><span class='ocrx_word' id='word_1_384' title='bbox 427 2399 567 2435; x_wconf 84' lang='lat' dir='ltr'>tatem</span> <span class='ocrx_word' id='word_1_385' title='bbox 606 2387 846 2450; x_wconf 64' lang='lat' dir='ltr'>conjuncta</span> <span class='ocrx_word' id='word_1_386' title='bbox 883 2389 986 2436; x_wconf 89' lang='lat' dir='ltr'>sunt</span> <span class='ocrx_word' id='word_1_387' title='bbox 1020 2405 1128 2437; x_wconf 91' lang='lat' dir='ltr'>cum</span> <span class='ocrx_word' id='word_1_388' title='bbox 1170 2391 1366 2446; x_wconf 79' lang='lat' dir='ltr'>Divino,</span> <span class='ocrx_word' id='word_1_389' title='bbox 1419 2392 1468 2437; x_wconf 87' lang='lat'>&amp;</span> <span class='ocrx_word' id='word_1_390' title='bbox 1496 2391 1723 2436; x_wconf 75' lang='lat' dir='ltr'>Divinum</span> <span class='ocrx_word' id='word_1_391' title='bbox 1749 2386 1926 2452; x_wconf 53' lang='lat' dir='ltr'>est&#39;ipsa</span> <span class='ocrx_word' id='word_1_392' title='bbox 1951 2391 2062 2446; x_wconf 82' lang='lat' dir='ltr'>vita,</span> <span class='ocrx_word' id='word_1_393' title='bbox 2115 2391 2164 2436; x_wconf 88' lang='lat'>&amp;</span> <span class='ocrx_word' id='word_1_394' title='bbox 2189 2390 2252 2436; x_wconf 90' lang='lat' dir='ltr'>est</span> <span class='ocrx_word' id='word_1_395' title='bbox 2275 2404 2407 2438; x_wconf 86' lang='lat' dir='ltr'>aeter-</span> 
     </span>
     <span class='ocr_line' id='line_1_34' title="bbox 424 2453 2405 2518; baseline 0.003 -19"><span class='ocrx_word' id='word_1_396' title='bbox 424 2468 557 2509; x_wconf 79' lang='lat' dir='ltr'>num,</span> <span class='ocrx_word' id='word_1_397' title='bbox 610 2455 736 2517; x_wconf 85' lang='lat' dir='ltr'>quod</span> <span class='ocrx_word' id='word_1_398' title='bbox 776 2454 858 2517; x_wconf 77' lang='lat' dir='ltr'>ipsi</span> <span class='ocrx_word' id='word_1_399' title='bbox 894 2456 1002 2502; x_wconf 83' lang='lat' dir='ltr'>vitae</span> <span class='ocrx_word' id='word_1_400' title='bbox 1025 2470 1074 2501; x_wconf 86' lang='lat' dir='ltr'>ac</span> <span class='ocrx_word' id='word_1_401' title='bbox 1097 2469 1270 2502; x_wconf 84' lang='lat' dir='ltr'>aeterno</span> <span class='ocrx_word' id='word_1_402' title='bbox 1303 2454 1598 2513; x_wconf 68' lang='lat' dir='ltr'>coniunssum</span> <span class='ocrx_word' id='word_1_403' title='bbox 1633 2455 1717 2514; x_wconf 82' lang='lat' dir='ltr'>est,</span> <span class='ocrx_word' id='word_1_404' title='bbox 1764 2456 1850 2502; x_wconf 84' lang='lat' dir='ltr'>hoc</span> <span class='ocrx_word' id='word_1_405' title='bbox 1876 2471 1964 2502; x_wconf 89' lang='lat' dir='ltr'>non</span> <span class='ocrx_word' id='word_1_406' title='bbox 1991 2454 2137 2518; x_wconf 88' lang='lat' dir='ltr'>potest</span> <span class='ocrx_word' id='word_1_407' title='bbox 2164 2455 2295 2512; x_wconf 81' lang='lat' dir='ltr'>mori,</span> <span class='ocrx_word' id='word_1_408' title='bbox 2333 2453 2405 2504; x_wconf 90' lang='lat' dir='ltr'>seu</span> 
     </span>
     <span class='ocr_line' id='line_1_35' title="bbox 423 2519 2419 2584; baseline 0.004 -20"><span class='ocrx_word' id='word_1_409' title='bbox 423 2534 514 2564; x_wconf 88' lang='lat' dir='ltr'>non</span> <span class='ocrx_word' id='word_1_410' title='bbox 539 2519 759 2573; x_wconf 83' lang='lat' dir='ltr'>consumi,</span> <span class='ocrx_word' id='word_1_411' title='bbox 813 2534 963 2567; x_wconf 80' lang='lat' dir='ltr'>manet</span> <span class='ocrx_word' id='word_1_412' title='bbox 989 2520 1031 2566; x_wconf 84' lang='lat' dir='ltr'>in</span> <span class='ocrx_word' id='word_1_413' title='bbox 1058 2534 1299 2578; x_wconf 87' lang='lat' dir='ltr'>aeternum,</span> <span class='ocrx_word' id='word_1_414' title='bbox 1350 2523 1400 2568; x_wconf 76' lang='grc' dir='ltr'>δε</span> <span class='ocrx_word' id='word_1_415' title='bbox 1424 2521 1639 2568; x_wconf 87' lang='lat' dir='ltr'>continue</span> <span class='ocrx_word' id='word_1_416' title='bbox 1666 2523 1929 2583; x_wconf 82' lang='lat' dir='ltr'>perficitur:</span> <span class='ocrx_word' id='word_1_417' title='bbox 1978 2535 2022 2568; x_wconf 93' lang='lat' dir='ltr'>at</span> <span class='ocrx_word' id='word_1_418' title='bbox 2046 2536 2151 2584; x_wconf 84' lang='lat' dir='ltr'>quae</span> <span class='ocrx_word' id='word_1_419' title='bbox 2172 2522 2281 2569; x_wconf 83' lang='lat' dir='ltr'>fidei</span> <span class='ocrx_word' id='word_1_420' title='bbox 2306 2522 2419 2571; x_wconf 50' lang='lat' dir='ltr'>sunt*</span> 
     </span>
     <span class='ocr_line' id='line_1_36' title="bbox 418 2582 2416 2650; baseline 0.001 -20"><span class='ocrx_word' id='word_1_421' title='bbox 418 2585 538 2647; x_wconf 87' lang='lat' dir='ltr'>apud</span> <span class='ocrx_word' id='word_1_422' title='bbox 564 2585 665 2632; x_wconf 86' lang='lat' dir='ltr'>illos</span> <span class='ocrx_word' id='word_1_423' title='bbox 688 2588 770 2650; x_wconf 83' lang='lat' dir='ltr'>qui</span> <span class='ocrx_word' id='word_1_424' title='bbox 793 2587 851 2633; x_wconf 90' lang='lat' dir='ltr'>ab</span> <span class='ocrx_word' id='word_1_425' title='bbox 875 2586 1088 2640; x_wconf 74' lang='lat' dir='ltr'>Ecclesia,</span> <span class='ocrx_word' id='word_1_426' title='bbox 1127 2587 1176 2632; x_wconf 86' lang='lat'>&amp;</span> <span class='ocrx_word' id='word_1_427' title='bbox 1199 2582 1488 2643; x_wconf 78' lang='lat' dir='ltr'>damnantur,</span> <span class='ocrx_word' id='word_1_428' title='bbox 1525 2587 1600 2634; x_wconf 87' lang='lat' dir='ltr'>illa</span> <span class='ocrx_word' id='word_1_429' title='bbox 1631 2587 1739 2650; x_wconf 89' lang='lat' dir='ltr'>quia</span> <span class='ocrx_word' id='word_1_430' title='bbox 1770 2604 1861 2633; x_wconf 88' lang='lat' dir='ltr'>non</span> <span class='ocrx_word' id='word_1_431' title='bbox 1895 2586 2132 2648; x_wconf 63' lang='lat' dir='ltr'>conjuncta</span> <span class='ocrx_word' id='word_1_432' title='bbox 2167 2586 2266 2634; x_wconf 81' lang='lat' dir='ltr'>sunt</span> <span class='ocrx_word' id='word_1_433' title='bbox 2294 2604 2416 2636; x_wconf 77' lang='lat' dir='ltr'>cum.</span> 
     </span>
     <span class='ocr_line' id='line_1_37' title="bbox 423 2650 2406 2708; baseline 0.003 -12"><span class='ocrx_word' id='word_1_434' title='bbox 423 2650 618 2708; x_wconf 84' lang='lat' dir='ltr'>Divino,</span> <span class='ocrx_word' id='word_1_435' title='bbox 656 2654 706 2698; x_wconf 74' lang='grc' dir='ltr'>ὅτ</span> <span class='ocrx_word' id='word_1_436' title='bbox 729 2652 835 2700; x_wconf 84' lang='lat' dir='ltr'>inde</span> <span class='ocrx_word' id='word_1_437' title='bbox 860 2668 949 2698; x_wconf 87' lang='lat' dir='ltr'>non</span> <span class='ocrx_word' id='word_1_438' title='bbox 971 2655 1110 2700; x_wconf 88' lang='lat' dir='ltr'>vitam</span> <span class='ocrx_word' id='word_1_439' title='bbox 1139 2653 1183 2697; x_wconf 90' lang='lat' dir='ltr'>in</span> <span class='ocrx_word' id='word_1_440' title='bbox 1211 2652 1250 2698; x_wconf 85' lang='lat' dir='ltr'>se</span> <span class='ocrx_word' id='word_1_441' title='bbox 1277 2653 1460 2708; x_wconf 76' lang='lat' dir='ltr'>habent,</span> <span class='ocrx_word' id='word_1_442' title='bbox 1491 2654 1808 2707; x_wconf 86' lang='lat' dir='ltr'>.moriuntur;</span> <span class='ocrx_word' id='word_1_443' title='bbox 1862 2653 1963 2699; x_wconf 90' lang='lat' dir='ltr'>sunt</span> <span class='ocrx_word' id='word_1_444' title='bbox 1985 2654 2107 2698; x_wconf 88' lang='lat' dir='ltr'>enim</span> <span class='ocrx_word' id='word_1_445' title='bbox 2135 2652 2245 2700; x_wconf 88' lang='lat' dir='ltr'>ficut</span> <span class='ocrx_word' id='word_1_446' title='bbox 2269 2653 2406 2701; x_wconf 86' lang='lat' dir='ltr'>fimu-</span> 
     </span>
     <span class='ocr_line' id='line_1_38' title="bbox 423 2715 2404 2782; baseline 0.003 -21"><span class='ocrx_word' id='word_1_447' title='bbox 423 2715 567 2763; x_wconf 72' lang='lat' dir='ltr'>lachra</span> <span class='ocrx_word' id='word_1_448' title='bbox 591 2717 756 2765; x_wconf 70' lang='lat' dir='ltr'>nuhius</span> <span class='ocrx_word' id='word_1_449' title='bbox 779 2718 892 2765; x_wconf 82' lang='lat' dir='ltr'>vitae</span> <span class='ocrx_word' id='word_1_450' title='bbox 911 2739 924 2772; x_wconf 81' lang='lat'><em>3</em></span> <span class='ocrx_word' id='word_1_451' title='bbox 960 2735 1066 2782; x_wconf 84' lang='lat' dir='ltr'>quae</span> <span class='ocrx_word' id='word_1_452' title='bbox 1089 2719 1196 2781; x_wconf 90' lang='lat' dir='ltr'>quia</span> <span class='ocrx_word' id='word_1_453' title='bbox 1220 2734 1311 2765; x_wconf 89' lang='lat' dir='ltr'>non</span> <span class='ocrx_word' id='word_1_454' title='bbox 1333 2718 1458 2774; x_wconf 86' lang='lat' dir='ltr'>viva,</span> <span class='ocrx_word' id='word_1_455' title='bbox 1496 2718 1540 2764; x_wconf 88' lang='lat' dir='ltr'>in</span> <span class='ocrx_word' id='word_1_456' title='bbox 1561 2718 1698 2765; x_wconf 87' lang='lat' dir='ltr'>altera</span> <span class='ocrx_word' id='word_1_457' title='bbox 1723 2721 1814 2766; x_wconf 87' lang='lat' dir='ltr'>vita</span> <span class='ocrx_word' id='word_1_458' title='bbox 1836 2718 2178 2773; x_wconf 88' lang='lat' dir='ltr'>consumuntur,</span> <span class='ocrx_word' id='word_1_459' title='bbox 2213 2718 2300 2766; x_wconf 90' lang='lat' dir='ltr'>hoc</span> <span class='ocrx_word' id='word_1_460' title='bbox 2322 2719 2404 2777; x_wconf 90' lang='lat' dir='ltr'>est,</span> 
     </span>
     <span class='ocr_line' id='line_1_39' title="bbox 420 2781 2238 2830; baseline 0.001 -1"><span class='ocrx_word' id='word_1_461' title='bbox 420 2781 693 2830; x_wconf 83' lang='lat' dir='ltr'>auferuntur.</span> <span class='ocrx_word' id='word_1_462' title='bbox 2234 2790 2238 2793; x_wconf 83' lang='grc'><em>“</em></span> 
     </span>
     <span class='ocr_line' id='line_1_40' title="bbox 480 2849 2403 2915; baseline 0 -17"><span class='ocrx_word' id='word_1_463' title='bbox 480 2853 658 2911; x_wconf 37' lang='grc' dir='ltr'>,75ο8μ</span> <span class='ocrx_word' id='word_1_464' title='bbox 684 2850 748 2896; x_wconf 89' lang='lat' dir='ltr'>Et</span> <span class='ocrx_word' id='word_1_465' title='bbox 773 2850 921 2915; x_wconf 84' lang='lat' dir='ltr'>posuit</span> <span class='ocrx_word' id='word_1_466' title='bbox 944 2850 1155 2913; x_wconf 81' lang='lat' dir='ltr'>Jehovah</span> <span class='ocrx_word' id='word_1_467' title='bbox 1179 2863 1358 2913; x_wconf 86' lang='lat' dir='ltr'>tempus</span> <span class='ocrx_word' id='word_1_468' title='bbox 1383 2850 1569 2906; x_wconf 87' lang='lat' dir='ltr'>statum,</span> <span class='ocrx_word' id='word_1_469' title='bbox 1623 2850 1749 2913; x_wconf 81' lang='lat' dir='ltr'>quod</span> <span class='ocrx_word' id='word_1_470' title='bbox 1775 2849 2001 2911; x_wconf 72' lang='lat' dir='ltr'>significet</span> <span class='ocrx_word' id='word_1_471' title='bbox 2026 2850 2403 2914; x_wconf 72' lang='lat' dir='ltr'>praefinitionem,</span> 
     </span>
     <span class='ocr_line' id='line_1_41' title="bbox 421 2916 1313 2979; baseline 0.006 -19"><span class='ocrx_word' id='word_1_472' title='bbox 421 2916 591 2963; x_wconf 85' lang='lat' dir='ltr'>constat</span> <span class='ocrx_word' id='word_1_473' title='bbox 613 2916 777 2979; x_wconf 88' lang='lat' dir='ltr'>absque</span> <span class='ocrx_word' id='word_1_474' title='bbox 802 2917 1120 2977; x_wconf 85' lang='lat' dir='ltr'>explicatione.</span> <span class='ocrx_word' id='word_1_475' title='bbox 1311 2922 1313 2925; x_wconf 78' lang='grc'>’</span> 
     </span>
     <span class='ocr_line' id='line_1_42' title="bbox 403 2974 2415 3045; baseline 0.002 -19"><span class='ocrx_word' id='word_1_476' title='bbox 403 2974 414 2983; x_wconf 66' lang='grc'><em>”</em></span> <span class='ocrx_word' id='word_1_477' title='bbox 490 2994 634 3044; x_wconf 83' lang='grc'>7509.</span> <span class='ocrx_word' id='word_1_478' title='bbox 674 2982 906 3039; x_wconf 83' lang='lat' dir='ltr'>Dicendo,</span> <span class='ocrx_word' id='word_1_479' title='bbox 955 2999 1048 3030; x_wconf 82' lang='lat' dir='ltr'>cras</span> <span class='ocrx_word' id='word_1_480' title='bbox 1072 2981 1204 3028; x_wconf 79' lang='lat' dir='ltr'>faciet</span> <span class='ocrx_word' id='word_1_481' title='bbox 1228 2981 1439 3041; x_wconf 89' lang='lat' dir='ltr'>Jehovah</span> <span class='ocrx_word' id='word_1_482' title='bbox 1464 2982 1655 3041; x_wconf 80' lang='lat' dir='ltr'>verbum</span> <span class='ocrx_word' id='word_1_483' title='bbox 1682 2984 1769 3030; x_wconf 86' lang='lat' dir='ltr'>hcc</span> <span class='ocrx_word' id='word_1_484' title='bbox 1791 2984 1836 3030; x_wconf 87' lang='lat' dir='ltr'>in</span> <span class='ocrx_word' id='word_1_485' title='bbox 1865 2995 1991 3037; x_wconf 87' lang='lat' dir='ltr'>terra,</span> <span class='ocrx_word' id='word_1_486' title='bbox 2027 2982 2155 3044; x_wconf 88' lang='lat' dir='ltr'>quod</span> <span class='ocrx_word' id='word_1_487' title='bbox 2182 2983 2415 3045; x_wconf 64' lang='lat' dir='ltr'>significet*</span> 
     </span>
     <span class='ocr_line' id='line_1_43' title="bbox 419 3046 2403 3111; baseline 0.002 -22"><span class='ocrx_word' id='word_1_488' title='bbox 419 3048 545 3104; x_wconf 80' lang='lat' dir='ltr'>quod</span> <span class='ocrx_word' id='word_1_489' title='bbox 571 3046 654 3093; x_wconf 89' lang='lat' dir='ltr'>hoc</span> <span class='ocrx_word' id='word_1_490' title='bbox 672 3047 756 3095; x_wconf 90' lang='lat' dir='ltr'>illis</span> <span class='ocrx_word' id='word_1_491' title='bbox 782 3049 825 3093; x_wconf 91' lang='lat' dir='ltr'>in</span> <span class='ocrx_word' id='word_1_492' title='bbox 849 3064 1141 3111; x_wconf 74' lang='lat' dir='ltr'>perpetuum,</span> <span class='ocrx_word' id='word_1_493' title='bbox 1179 3049 1330 3109; x_wconf 75' lang='lat' dir='ltr'>quoad</span> <span class='ocrx_word' id='word_1_494' title='bbox 1354 3049 1428 3094; x_wconf 75' lang='lat' dir='ltr'>illa</span> <span class='ocrx_word' id='word_1_495' title='bbox 1453 3065 1560 3111; x_wconf 77' lang='lat' dir='ltr'>qua:</span> <span class='ocrx_word' id='word_1_496' title='bbox 1579 3047 1687 3110; x_wconf 68' lang='lat' dir='ltr'>sunt</span> <span class='ocrx_word' id='word_1_497' title='bbox 1703 3050 1793 3096; x_wconf 87' lang='lat' dir='ltr'>veri</span> <span class='ocrx_word' id='word_1_498' title='bbox 1819 3051 1868 3096; x_wconf 85' lang='lat'>&amp;</span> <span class='ocrx_word' id='word_1_499' title='bbox 1894 3047 2001 3094; x_wconf 83' lang='lat' dir='ltr'>boni</span> <span class='ocrx_word' id='word_1_500' title='bbox 2029 3047 2272 3101; x_wconf 68' lang='lat' dir='ltr'>Ecclesiae,-</span> <span class='ocrx_word' id='word_1_501' title='bbox 2291 3065 2403 3094; x_wconf 85' lang='lat' dir='ltr'>con-</span> 
     </span>
     <span class='ocr_line' id='line_1_44' title="bbox 421 3109 2403 3178; baseline 0.002 -22"><span class='ocrx_word' id='word_1_502' title='bbox 421 3109 507 3156; x_wconf 85' lang='lat' dir='ltr'>stat</span> <span class='ocrx_word' id='word_1_503' title='bbox 541 3112 597 3158; x_wconf 77' lang='lat' dir='ltr'>ex&#39;</span> <span class='ocrx_word' id='word_1_504' title='bbox 631 3112 956 3174; x_wconf 76' lang='lat' dir='ltr'>significatione</span> <span class='ocrx_word' id='word_1_505' title='bbox 990 3131 1085 3161; x_wconf 86' lang='lat' dir='ltr'>cras</span> <span class='ocrx_word' id='word_1_506' title='bbox 1116 3114 1189 3161; x_wconf 81' lang='lat' dir='ltr'>seu</span> <span class='ocrx_word' id='word_1_507' title='bbox 1221 3113 1416 3171; x_wconf 85' lang='lat' dir='ltr'>crastini,</span> <span class='ocrx_word' id='word_1_508' title='bbox 1475 3114 1604 3178; x_wconf 86' lang='lat' dir='ltr'>quod</span> <span class='ocrx_word' id='word_1_509' title='bbox 1628 3113 1681 3160; x_wconf 87' lang='lat' dir='ltr'>fit</span> <span class='ocrx_word' id='word_1_510' title='bbox 1706 3117 1749 3162; x_wconf 90' lang='lat' dir='ltr'>in</span> <span class='ocrx_word' id='word_1_511' title='bbox 1777 3128 2071 3177; x_wconf 80' lang='lat' dir='ltr'>perpetuum,</span> <span class='ocrx_word' id='word_1_512' title='bbox 2126 3113 2182 3158; x_wconf 88' lang='lat' dir='ltr'>de</span> <span class='ocrx_word' id='word_1_513' title='bbox 2219 3128 2306 3172; x_wconf 87' lang='lat' dir='ltr'>qua</span> <span class='ocrx_word' id='word_1_514' title='bbox 2343 3129 2403 3160; x_wconf 84' lang='lat' dir='ltr'>n:</span> 
     </span>
     <span class='ocr_line' id='line_1_45' title="bbox 421 3177 2404 3291; baseline 0 -65"><span class='ocrx_word' id='word_1_515' title='bbox 421 3180 549 3240; x_wconf 79' lang='lat'><em>3998</em></span> <span class='ocrx_word' id='word_1_516' title='bbox 570 3196 586 3233; x_wconf 80' lang='lat'>3</span> <span class='ocrx_word' id='word_1_517' title='bbox 622 3178 745 3242; x_wconf 88' lang='lat' dir='ltr'>quod</span> <span class='ocrx_word' id='word_1_518' title='bbox 770 3179 822 3228; x_wconf 72' lang='lat' dir='ltr'>stt</span> <span class='ocrx_word' id='word_1_519' title='bbox 843 3180 997 3245; x_wconf 89' lang='lat' dir='ltr'>quoad</span> <span class='ocrx_word' id='word_1_520' title='bbox 1021 3180 1096 3229; x_wconf 86' lang='lat' dir='ltr'>illa</span> <span class='ocrx_word' id='word_1_521' title='bbox 1118 3196 1228 3246; x_wconf 85' lang='lat' dir='ltr'>quae</span> <span class='ocrx_word' id='word_1_522' title='bbox 1251 3178 1351 3229; x_wconf 81' lang='lat' dir='ltr'>sunt</span> <span class='ocrx_word' id='word_1_523' title='bbox 1374 3180 1544 3248; x_wconf 36' lang='lat' dir='ltr'>inferit&amp;</span> <span class='ocrx_word' id='word_1_524' title='bbox 1568 3180 1679 3230; x_wconf 87' lang='lat' dir='ltr'>boni</span> <span class='ocrx_word' id='word_1_525' title='bbox 1704 3181 1937 3239; x_wconf 84' lang='lat' dir='ltr'>Ecclefiae,</span> <span class='ocrx_word' id='word_1_526' title='bbox 1957 3192 2080 3244; x_wconf 86' lang='lat' dir='ltr'>patet</span> <span class='ocrx_word' id='word_1_527' title='bbox 2103 3179 2161 3224; x_wconf 87' lang='lat' dir='ltr'>ab</span> <span class='ocrx_word' id='word_1_528' title='bbox 2186 3177 2404 3291; x_wconf 68' lang='lat' dir='ltr'>illisdquae</span> 
     </span>
     <span class='ocr_line' id='line_1_46' title="bbox 764 3256 2404 3309; baseline -0.003 -12"><span class='ocrx_word' id='word_1_529' title='bbox 764 3294 767 3297; x_wconf 87' lang='lat'><em>.</em></span> <span class='ocrx_word' id='word_1_530' title='bbox 2113 3258 2262 3309; x_wconf 83' lang='lat' dir='ltr'>praece</span> <span class='ocrx_word' id='word_1_531' title='bbox 2298 3256 2404 3302; x_wconf 89' lang='lat' dir='ltr'>unt,</span> 
     </span>
    </p>
   </div>
  </div>
 </body>
</html>
