2912 3770
539 217 689 288 414
985 190 1055 266 E
1187 183 1263 267 X
1400 196 1467 264 Ov
1591 193 1670 269 'D
1809 195 1884 266 U
1990 194 2177 267 S.

619 326 763 387 7875.
797 319 866 380 Et
884 319 972 369 erit
993 320 1188 386 sanguis,
1229 319 1359 384 quod
1388 320 1614 386 significet
1634 337 1796 372 verum
1819 321 1932 372 boni
1955 314 2247 386 innocentiae,
2281 312 2451 381 constat
2473 328 2530 380 ἐκ

549 383 882 453 srgnificatione
913 390 1142 451 ia-nguinis
1171 388 1298 451 agni,
1337 388 1466 453 quod
1497 389 1550 439 fit
1580 405 1746 439 verum
1776 390 1891 440 'boni
1915 391 2206 451 innocentiae,
2251 394 2451 460 utsupra
2472 412 2530 458 nep:

554 470 580 518 ⁷
618 474 762 587 3876.
798 521 945 569 Vobis
967 519 1023 567 acl
1048 521 1228 585 (ignum
1267 520 1401 588 super
1418 522 1638 573 domibus
1660 523 1740 573 ubi
1764 536 1863 582 vm,
1949 523 2042 574 uod
2075 523 2298 588 significet
2322 525 2450 591 quod
2482 526 2531 576 id

547 588 803 637 testificatio
827 587 1069 635 voluntatis
1094 587 1219 645 boni,
1264 590 1437 638 constat
1459 606 1516 638 ex
1541 589 1865 652 fignificatione
1888 605 1911 638 e
1949 609 1974 640 e
1995 591 2052 639 ad
2079 591 2293 654 signum,
2319 590 2445 656 quod
2480 588 2533 649 {it

549 654 804 702 testificatio
826 674 840 708 ;
878 656 926 701 &
948 669 1006 700 ex
1031 653 1356 718 significatione
1381 656 1642 714 voluntatiS,
1677 656 1801 722 quod
1820 657 2028 722 fintquae
2046 659 2292 708 voluntatis
2311 658 2437 714 boni,
2472 658 2532 707 de

586 721 708 769 uasti
750 737 873 767 ran:
935 722 959 766 8
1003 723 1047 769 8.

549 738 581 785 q
620 737 762 849 7873.
803 786 867 833 Et
892 735 1048 832 gidssro
1075 785 1360 848 sanguinem,
1392 787 1520 853 quod
1548 787 1768 850 significet
1782 790 2187 854 apperceptionem
2212 789 2340 844 illius,
2358 789 2450 838 'veri
2474 787 2532 839 ab

551 852 639 899 illis
662 853 741 915 qui
768 853 1108 900 damnationem
1137 853 1351 910 inferunt,
1396 854 1567 901 constat
1590 869 1648 901 ex
1671 854 2000 919 significatione
2025 857 2193 913 videre,
2229 856 2355 920 quod
2382 857 2436 904 fit
2463 857 2532 905 in-

547 918 752 980 telligere
775 919 826 966 δε
849 920 1157 982 appercipere,
1190 919 1247 966 de
1270 936 1361 983 qua
1385 936 1443 967 n:
1473 935 1615 982 2150.
1642 935 1785 984 2325.
1814 925 1964 984 2807.
1980 923 2124 984 3764.
2146 939 2274 986 4403
2301 922 2356 970 ad
2380 939 2503 983 4421
2520 960 2533 973 .

549 986 695 1044 4567.
722 1000 868 1047 4723.
896 999 1024 1048 5400
1046 1006 1059 1039 ;
1104 986 1230 1049 quod
1254 986 1305 1034 fit
1329 988 1619 1051 apperceptio
1652 988 1708 1035 ab
1743 988 1831 1036 illis
1851 988 1930 1050 qui
1954 988 2293 1037 damnationem
2320 988 2533 1046 inferunt,

547 1051 785 1114 sequitur·,
831 1052 882 1098 δε
905 1066 962 1097 ex
987 1050 1312 1114 significatione
1335 1052 1574 1117 sanguinis,
1612 1052 1738 1117 quod
1765 1054 1815 1102 fit
1838 1064 2000 1102 verum
2026 1055 2134 1102 boni
2159 1054 2443 1112 innocentiae,
2479 1068 2534 1103 ut

549 1115 678 1178 supra
703 1133 759 1177 nv:
789 1118 932 1181 7846.
1006 1118 1136 1184 Qud
1156 1135 1317 1170 verum
1343 1120 1449 1169 boni
1475 1119 1767 1177 innocentiae,
1803 1119 2088 1176 dicendum;
2123 1118 2298 1168 bonum
2321 1119 2537 1171 innocen-

548 1182 627 1229 tiae
646 1182 709 1228 est
740 1183 912 1229 bonum
938 1184 1104 1231 amoris
1128 1185 1172 1231 in
1193 1186 1474 1242 Dominum,
1510 1186 1591 1248 qui
1614 1186 1740 1234 enim
1767 1187 1810 1233 in
1831 1187 1916 1233 hoc
1932 1202 2085 1235 amore
2101 1188 2233 1246 sunt„
2255 1186 2300 1237 in
2325 1187 2537 1239 innocen-

549 1250 612 1295 tia
638 1248 733 1295 sunt
755 1270 769 1302 ;
804 1250 910 1297 inde
931 1251 1010 1306 est,
1047 1251 1170 1314 quod
1197 1252 1364 1317 illiqui
1392 1252 1435 1299 in
1462 1251 1629 1299 intimo
1653 1251 1725 1300 seu
1752 1252 1887 1301 tertio
1908 1254 2032 1302 coelo
2056 1253 2172 1310 sunt,
2213 1252 2260 1300 in
2284 1252 2538 1302 innocentia

549 1314 633 1362 sint
654 1330 748 1377 prae
771 1316 966 1379 reliquis,
991 1320 1100 1379 quia
1118 1317 1162 1364 in
1181 1333 1333 1369 amore
1357 1318 1400 1365 in
1426 1318 1719 1373 Dominum3
1755 1334 1811 1366 ex
1834 1320 2088 1367 innocentia
2106 1327 2328 1383 apparent
2353 1319 2432 1376 illi,
2456 1320 2536 1384 qui

550 1379 630 1436 ibi,
658 1381 762 1430 aliis
796 1382 906 1429 licut
943 1383 1150 1441 infantes,
1186 1385 1401 1449 &usque
1426 1383 1529 1431 sunt
1553 1384 1855 1449 sa-pientiffimi
1879 1388 2094 1435 omnium
2116 1387 2196 1451 qui
2221 1386 2266 1433 in
2288 1385 2426 1442 coelo,
2464 1387 2538 1434 vi·-

549 1447 711 1494 deatur
735 1463 785 1494 n:
814 1450 961 1511 2306,
1000 1465 1103 1497 nam
1130 1452 1385 1502 innocentia
1411 1450 1586 1499 habitat
1610 1452 1656 1497 in
1681 1450 1910 1515 sapientia,
1949 1468 1977 1499 n
1995 1470 2006 1499 :
2026 1467 2059 1516 *a
2068 1468 2175 1515 305.
2204 1465 2348 1515 3495,
2370 1453 2536 1516 4797:

551 1513 725 1561 Verum
739 1514 855 1569 ‘boni
874 1516 1163 1573 innocentiae,
1197 1517 1323 1580 quod
1346 1516 1469 1580 apud
1488 1517 1603 1573 illos,
1640 1532 1732 1564 non
1748 1516 1812 1564 est
1831 1533 1993 1567 verum
2019 1517 2142 1574 fidei,
2178 1514 2251 1566 sed
2277 1517 2342 1565 est
2364 1518 2540 1567 bonum

549 1578 778 1627 charitatis
801 1601 815 1635 ς
852 1597 957 1629 nam
979 1582 1043 1628 illi
1067 1583 1148 1646 qui
1168 1583 1214 1629 in
1241 1583 1371 1633 tertio
1388 1581 1510 1630 coelo
1529 1581 1647 1640 sunt,
1682 1599 1772 1631 non
1793 1581 1936 1632 sciunt
1952 1583 2070 1649 quid
2086 1583 2214 1641 fides,
2250 1583 2310 1631 ita
2329 1585 2542 1648 nec'quid

551 1660 714 1694 verum
733 1645 843 1709 eju&
882 1648 982 1696 sunt
1000 1649 1194 1704 enimin
1213 1649 1502 1712 perceptione
1516 1648 1610 1697 veri
1627 1649 1752 1715 quod
1770 1644 1894 1707 fidei,
1931 1666 2096 1715 exqua
2113 1650 2255 1699 sciunt
2274 1649 2395 1698 illico
2413 1651 2541 1714 quod

552 1710 613 1758 ita
650 1712 720 1769 fit,
757 1728 839 1760 nec
862 1714 1057 1779 usquam
1082 1716 1397 1763 ratiocinantur
1418 1715 1476 1762 de
1500 1714 1598 1772 illo,
1634 1732 1745 1764 num
1768 1715 1830 1764 ita
1852 1715 1922 1773 fit‘,
1960 1717 2112 1765 minus
2136 1717 2316 1781 litigant
2339 1716 2397 1764 de
2421 1715 2504 1765 illo
2524 1738 2540 1772 ς

550 1778 680 1841 quod
704 1793 761 1824 eo
788 1780 929 1826 modo
964 1782 1009 1828 in
1042 1780 1333 1842 perceptione
1364 1780 1446 1838 est,
1494 1780 1583 1828 hoc
1606 1797 1699 1829 non
1722 1782 1844 1830 cadit
1866 1783 1910 1830 in
1935 1782 2200 1838 scientia=m3
2247 1782 2374 1831 aliter
2406 1784 2532 1846 apud

550 1842 813 1907 spirituales,
850 1846 928 1910 qui
955 1847 1001 1893 in
1025 1846 1216 1894 secundo
1239 1847 1376 1904 coelo,
1414 1847 1461 1894 hi
1482 1862 1565 1909 per
1589 1861 1750 1895 verum
1769 1849 1895 1912 quod
1916 1848 2021 1895 fidei
2041 1848 2254 1898 dicuntur
2285 1848 2340 1895 ad
2361 1848 2536 1896 bonum

551 1909 676 1973 quod
695 1910 936 1968 charitatis,
973 1928 1110 1977 quare
1133 1913 1198 1960 illi
1221 1913 1545 1961 ratiocinantur
1568 1928 1680 1960 num
1705 1914 1752 1960 id
1777 1927 1937 1963 verum
1961 1914 2016 1962 fit
2037 1913 2109 1961 vel
2134 1930 2245 1970 non,
2290 1914 2400 1976 q'uia
2425 1929 2539 1966 numm

547 1976 608 2023 'sit
631 1992 722 2023 non
749 1979 1025 2041 percipiunt,
1076 1978 1180 2026 inde
1199 1995 1305 2026 vera
1330 1978 1415 2026 illis
1439 1979 1555 2026 fiunt
1579 1978 1774 2035 {cientia,
1811 1979 1860 2028 &
1883 1988 2101 2029 vocantur
2121 1979 2388 2027 doctrinalia
2413 1979 2543 2031 fidei.

553 2042 696 2106 Qod
718 2042 783 2089 illi
803 2044 882 2106 qui
904 2044 949 2091 in
975 2043 1139 2092 intimo
1157 2044 1232 2092 seu
1252 2046 1384 2094 tertio
1400 2044 1541 2101 coelo,
1578 2043 1623 2090 in
1643 2045 1721 2092 tali
1741 2045 1854 2093 statu
1876 2045 1979 2103 fint,
2014 2044 2142 2111 quod
2164 2045 2413 2110 percipiant
2429 2045 2545 2110 quid

553 2124 721 2156 verum
743 2107 870 2166 fidei,
905 2125 955 2158 ac
980 2111 1082 2169 ideo
1108 2110 1221 2158 illud
1247 2128 1338 2159 non
1372 2110 1429 2157 ad
1465 2109 1697 2158 scientiam
1731 2111 1939 2168 referant,
1989 2112 2197 2161 videatur
2213 2128 2272 2159 n:
2298 2127 2411 2161 202.
2433 2128 2458 2174 3
2467 2126 2544 2175 37.

559 2188 704 2236 2715.
731 2179 875 2235 2718.
914 2178 1058 2239 3246.
1090 2180 1238 2238 4448.
1325 2178 1582 2242 Qomodo
1606 2192 1716 2225 cum
1737 2177 1824 2226 hoc
1857 2178 1901 2226 se
1924 2178 2075 2235 habet,
2126 2178 2254 2243 quod
2280 2193 2306 2226 a
2331 2177 2547 2242 Jehovah

554 2240 728 2287 dicatur
747 2239 914 2297 Videm,
953 2244 1014 2290 ita
1037 2242 1094 2289 de
1114 2243 1171 2299 se,
1206 2243 1239 2290 fi
1277 2242 1483 2290 nificetur
1504 2243 1795 2308 apperceptio
1815 2244 1874 2291 ab
1898 2244 1982 2291 illis
2005 2245 2085 2310 qui
2107 2243 2450 2293 damnationem
2475 2238 2549 2292 in-

557 2304 724 2363 ferunt,
762 2306 848 2354 hoc
866 2307 947 2365 est,
968 2306 1042 2356 >ab
1065 2308 1238 2355 inferna
1259 2309 1373 2364 ibus,
1409 2320 1559 2371 patere
1579 2309 1725 2372 potest
1744 2310 1801 2358 ab
1827 2309 1931 2367 illis,
1966 2327 2076 2375 quae
2094 2311 2219 2375 prius
2236 2310 2407 2358 ostensa
2423 2309 2544 2368 sunt,

556 2372 687 2434 quod
706 2387 875 2436 nempe
900 2374 1073 2422 malurn
1098 2375 1318 2423 tribuatur
1341 2374 1537 2436 Jehovae
1555 2374 1628 2423 seu
1650 2375 1879 2433 Domine,
1915 2377 2090 2424 tametsi
2109 2376 2222 2425 nihil
2242 2377 2348 2424 mali
2365 2376 2424 2426 ab
2439 2375 2545 2440 Ipso

557 2438 790 2503 provenit,
843 2439 917 2487 sed
955 2440 1014 2488 ab
1051 2441 1244 2498 inferno,
1299 2441 1502 2496 videatur
1537 2456 1596 2488 n:
1641 2456 1788 2507 2447.
1831 2443 1976 2506 6073.
2020 2443 2166 2508 6992.
2207 2442 2353 2508 6997.
2399 2456 2545 2505 7533.

562 2505 656 2567 763
665 2521 708 2566 3.
732 2504 857 2568 7643
882 2526 896 2561 ;
930 2507 1056 2572 quod
1081 2507 1255 2555 malum
1280 2507 1584 2571 permittatur,
1630 2507 1716 2555 hoc
1742 2521 1928 2572 apparet
1964 2509 2077 2558 ficut
2108 2509 2166 2557 ab
2187 2508 2292 2572 Ipso
2326 2507 2410 2573 qui
2443 2522 2547 2571 per-

560 2570 721 2626 mittit,
759 2586 867 2618 cum
891 2571 1035 2635 potest
1056 2572 1223 2621 auferre
1243 2595 1259 2628 ·‚
1313 2575 1373 2622 ita
1396 2572 1485 2629 hic,
1519 2573 1644 2636 quod
1671 2576 1808 2622 morti
1829 2573 1922 2622 dati
1946 2575 2031 2623 fint
2053 2573 2348 2639 primogeniti
2365 2573 2544 2638 AEgyp÷

561 2637 732 2682 tiorum
755 2657 769 2690 3
806 2637 892 2684 hoc
918 2638 1129 2686 tribuitur
1147 2639 1356 2700 Jehovae,
1392 2655 1496 2686 nam
1531 2639 1695 2687 dicitur
1745 2648 1779 2671 “
1803 2640 2029 2690 Tranfibo
2053 2656 2132 2702 per
2153 2653 2318 2688 terram
2343 2639 2543 2703 AEgypti

564 2702 613 2747 in
639 2701 772 2750 nocte
797 2702 888 2760 illa,
922 2706 971 2752 δε
995 2706 1248 2768 percutiam
1272 2721 1409 2753 omne
1433 2705 1798 2768 primogenitum
1822 2707 1869 2753 in
1892 2718 2006 2755 terra
2023 2706 2226 2770 AEgypti
2249 2723 2260 2752 :
2296 2705 2347 2754 δι
2372 2704 2547 2754 factum

567 2767 616 2814 in
635 2767 787 2815 media
805 2770 954 2827 noete,
991 2772 1041 2819 δε
1058 2771 1268 2832 Jehovah
1287 2773 1492 2836 percuffit
1514 2786 1652 2819 omne
1672 2773 2032 2837 primogenitum
2065 2773 2112 2821 in
2143 2770 2489 2837 terra.AEgypti,
2523 2786 2551 2820 a

568 2835 884 2896 primogenito
914 2836 1156 2885 Pharaonis
1186 2838 1347 2887 seffuro
1381 2837 1509 2901 super
1541 2836 1708 2886 throno
1737 2839 1873 2900 illius,
1918 2839 2058 2904 usque
2087 2838 2147 2887 ad
2181 2837 2550 2902 primogenitum

570 2899 761 2963 captivi,
795 2901 876 2964 qui
902 2901 947 2949 in
971 2903 1114 2951 domo
1132 2904 1280 2953 foveae
1298 2905 1329 2928 ’'
1364 2903 1508 2951 Vers:
1540 2919 1607 2952 12.
1635 2920 1696 2971 29
1718 2925 1733 2960 ;
1766 2907 1818 2954 &
1843 2916 1994 2953 tamen
2018 2905 2064 2952 in
2091 2904 2176 2952 hoc
2193 2903 2336 2953 Versu
2358 2911 2551 2953 vocatur

574 2964 648 3012 ille
665 2965 855 3028 perditor
878 2969 958 3032 qui
981 2969 1066 3016 hoc
1089 2970 1195 3019 facit
1230 2979 1265 3000 “
1285 2970 1389 3020 Erit
1412 2970 1591 3033 sanguis
1613 2971 1824 3020 vobisad
1844 2972 2025 3035 fignum
2049 2971 2180 3036 super
2199 2970 2433 3029 domibus«,
2466 2968 2553 3019 ubi

571 3045 675 3087 vos,
710 3033 760 3080 &
777 3032 933 3081 videro
950 3034 1236 3097 sanguinem,
1270 3038 1320 3086 ὅτ
1338 3036 1579 3101 praeteribo
1596 3050 1879 3100 praetervoe,
1910 3038 1961 3086 δε
1977 3052 2057 3086 non
2073 3039 2158 3086 erit
2170 3038 2293 3087 vobis
2303 3037 2437 3102 plaga
2444 3042 2551 3098 pen-

566 3095 745 3145 ditori'’
801 3097 1002 3148 similiter
1036 3101 1079 3148 se
1114 3103 1252 3151 habet
1279 3119 1386 3151 curn
1420 3101 1728 3150 devastatione
1763 3104 1988 3151 malorum
2019 3103 2062 3151 in
2088 3104 2225 3159 altera
2248 3103 2359 3160 vita,
2386 3102 2548 3167 'deque

556 3162 874 3225 damnatione,
912 3167 962 3216 δε
985 3166 1241 3232 dejectione
1275 3169 1322 3218 in
1356 3167 1602 3226 infernum,
1637 3183 1745 3233 quae
1767 3169 1815 3219 in
1839 3169 1964 3220 sensu
1987 3170 2166 3222 interno
2184 3185 2268 3237 per
2290 3170 2461 3237 plagas,
2495 3168 2549 3216 ὅτ
