2912 3770
785 232 1286 307 CAPUT
1393 232 2064 308 SEXTUM.
2323 248 2468 329 ω

466 364 758 426 Dominum,
789 367 843 425 ὃς
881 366 1076 418 charitas
1095 381 1205 430 erga
1227 363 1516 432 proximum,
1567 361 1656 413 fiat
1679 359 1946 428 principalia
1966 359 2017 409 δι
2039 357 2283 414 effentialia
2307 360 2464 411 Eccle-

466 434 544 484 fiae
559 455 576 489 ς
611 436 696 500 qui
718 432 776 483 ex
800 434 887 484 illis
907 436 1076 500 agnitis
1097 433 1326 499 procedit,
1374 431 1516 480 modo
1539 429 1637 493 ipse
1657 429 1707 479 in
1730 430 1820 480 illis
1843 429 1915 487 fit,
1963 426 2314 475 innumerabilia
2335 445 2457 487 vera,

466 504 568 552 imo
593 502 805 569 perplura
826 518 987 552 arcana
1002 503 1086 550 fibi
1103 499 1282 548 detecta
1305 498 1455 556 videt,
1488 498 1538 545 ὅτ.
1561 495 1674 545 illud
1696 511 1756 548 ex
1778 496 1997 546 interiore
2018 493 2272 559 agnitione,
2307 494 2460 545 secun-

463 571 582 620 dum
606 569 803 633 gradum
828 566 1136 623 illustrationis
1157 582 1183 612 a
1205 566 1430 614 Domino.
1645 625 1651 629 ι
2415 618 2422 623 Λ

526 651 673 699 7234.
709 635 897 701 Quibus
919 633 1042 686 dixit
1064 631 1296 694 Jehovah,
1342 631 1471 696 quod
1497 629 1724 694 significet
1746 628 2034 687 mandatum,
2082 626 2261 679 constat
2283 643 2341 676 ex
2364 627 2456 692 fig-

456 703 717 752 nificatione
741 701 864 750 dixit
885 700 1118 763 Jehovah,
1163 699 1293 764 quod
1317 698 1373 746 fit
1397 697 1686 755 mandatum,
1709 696 1789 745 ‘de
1811 712 1901 761 qua
1921 714 1978 745 n:
2007 697 2154 760 7036.

524 782 669 835 7235.
707 768 905 817 Educite
929 768 1048 816 filios
1065 765 1232 816 Israelis
1254 782 1280 813 e
1304 778 1419 816 terra
1435 764 1655 829 IEgypti,
1700 764 1832 831 quod
1857 763 2080 827 fignificet
2100 761 2229 828 quod
2248 762 2314 811 illi
2332 761 2413 826 qui
2431 776 2458 810 e

458 831 633 899 Regno
654 831 878 900 spirituali
903 835 1096 883 Domini
1124 835 1431 890 liberarentur,
1482 846 1656 898 nempe
1677 847 1703 880 a
1724 830 2064 896 propinquitate
2090 830 2275 879 illorum
2302 831 2384 895 qui
2409 830 2457 876 in

452 902 588 959 fallis,
623 901 797 951 constat
815 918 875 951 ex-
892 901 1224 966 significatione
1248 901 1457 957 educere,
1491 900 1619 965 quod
1644 897 1700 946 sit
1722 897 1907 946 liberare
1927 920 1943 954 3
1977 913 2035 946 ex
2058 897 2458 962 repraesentatione

452 962 659 1034 filiorum
684 969 876 1027 Israelis,
921 970 1047 1036 quod
1074 969 1162 1017 fint
1183 968 1264 1033 qui
1289 983 1315 1015 e
1339 967 1509 1032 Regno
1530 965 1755 1030 spirituali
1774 966 1991 1022 Domini,
2024 965 2083 1015 de
2104 980 2197 1030 qua
2222 981 2279 1012 n:
2307 964 2454 1022 6426.

453 1036 607 1100 663⁷,
644 1037 900 1103 &quoque
926 1037 1073 1086 6862.
1100 1036 1246 1084 6868.
1272 1049 1421 1100 7035.
1442 1034 1589 1098 7062.
1613 1036 1759 1098 7198.
1781 1047 1929 1096 7201.
1949 1047 2096 1097 72¹5·
2123 1046 2290 1097 72233
2325 1031 2374 1079 &
2392 1045 2452 1079 ex

450 1103 783 1167 significatione
809 1101 939 1152 terrae
961 1103 1179 1167 AEgypti‚
1214 1103 1343 1167 quod
1366 1102 1422 1150 fit
1444 1101 1524 1148 ubi
1550 1099 1671 1156 falsa,
1707 1115 1734 1147 a
1755 1100 1925 1166 quibus
1948 1098 2268 1147 infestationes.

482 1228 487 1234 ³
519 1185 580 1234 72
589 1171 668 1235 36.
721 1173 865 1236 Juxta
887 1172 1110 1219 exercitus
1136 1170 1341 1226 illorum,
1388 1167 1516 1234 quod
1542 1167 1765 1232 significet
1801 1167 2052 1216 secundum
2088 1181 2255 1230 genera
2278 1165 2329 1213 δε
2354 1163 2452 1229 spe·

449 1238 540 1286 eies
572 1237 682 1286 boni
724 1240 770 1285 in
806 1239 944 1296 veris,
995 1235 1172 1286 constat
1192 1253 1253 1284 ex
1276 1234 1612 1299 significatione
1651 1224 1890 1291 exercitus,
1940 1233 2071 1299 quod
2105 1233 2190 1281 sint
2212 1249 2317 1280 vera
2339 1248 2449 1296 quae

450 1303 577 1362 fidei,
625 1305 686 1352 de
708 1320 800 1370 qua
822 1321 878 1353 nt
906 1307 1034 1368 3448
1057 1323 1074 1360 ς
1121 1305 1241 1352 bona
1263 1316 1419 1352 autem
1452 1302 1670 1351 Ecclestae
1707 1300 1943 1366 spiritualis
1966 1300 2066 1349 sunt
2090 1302 2136 1348 in
2161 1299 2239 1348 sua
2262 1299 2450 1352 essentia

446 1387 540 1420 non
563 1371 689 1420 aliud
714 1387 856 1436 quam
886 1387 1013 1430 vera,
1064 1372 1166 1420 baec
1203 1371 1330 1419 enim
1366 1370 1575 1418 dicuntur
1608 1370 1728 1418 bona
1749 1385 1859 1417 cum
1883 1367 2059 1416 vivitur
2081 1366 2332 1416 secundum
2357 1382 2408 1414 ea
2430 1387 2448 1421 ς

447 1437 554 1487 hinc
578 1454 658 1502 per
679 1438 950 1495 exercitum,
998 1453 1107 1487 cum
1139 1438 1309 1487 dicitur
1329 1436 1388 1484 de
1410 1437 1685 1500 regeneratis
1719 1437 1838 1484 intra
1868 1434 2119 1484 Ecclefiam
2151 1433 2451 1498 spiritualem,

448 1504 760 1568 fignificantur
796 1507 918 1554 bona
949 1505 1069 1564 veri,
1115 1507 1188 1554 seu
1207 1504 1328 1554 bona
1350 1505 1399 1552 in
1422 1505 1558 1552 veris.
1629 1502 1774 1568 Qod
1795 1502 1990 1559 dicatur,
2024 1502 2152 1567 quod
2177 1501 2260 1550 filii
2280 1499 2452 1553 Israelis

445 1572 669 1621 educendi
695 1571 780 1621 fint
798 1571 937 1637 juxta
960 1572 1183 1622 exercitus
1204 1571 1410 1630 illorum,
1445 1569 1513 1618 est
1532 1569 1641 1636 quia
1662 1569 1832 1619 dicitur
1853 1569 1912 1617 de
1935 1569 2026 1618 illis
2047 1568 2232 1634 quando
2254 1569 2450 1624 exibunt

444 1639 678 1704 AEgypto,
714 1639 761 1687 in
783 1639 906 1689 sensu
935 1639 1112 1688 interno
1127 1639 1316 1705 quando
1333 1654 1390 1688 ex
1413 1639 1584 1704 pugnis
1606 1653 1718 1687 cum
1739 1636 1855 1686 falfis
1871 1635 2076 1695 venient,
2116 1636 2176 1683 ita
2201 1634 2449 1700 postquam

446 1707 664 1756 militiam
681 1706 963 1772 spiritualem
983 1718 1305 1756 exercuerunt:
1341 1706 1524 1771 proprie
1542 1704 1812 1770 intelligitur
1827 1719 1910 1770 per
1928 1703 2058 1769 quod
2077 1701 2302 1752 educendi
2313 1701 2451 1767 juxta

444 1773 684 1831 exercitus,
736 1774 867 1838 quod
901 1771 1216 1836 distinguendi
1250 1773 1408 1838 quoad
1446 1773 1567 1821 bona
1591 1772 1639 1819 in
1663 1771 1800 1829 veris,
1853 1771 1917 1820 ita
1939 1772 1986 1818 in
2011 1770 2160 1825 claffes
2197 1769 2446 1824 secundum

444 1840 597 1906 qualia
620 1840 746 1898 boni,
784 1842 835 1889 ὅτ
857 1840 948 1888 hoc
971 1841 1035 1890 ob
1055 1839 1258 1899 eausam,
1294 1854 1349 1889 ut
1370 1839 1744 1903 repraesentarent
1763 1839 1984 1904 Regnum
2007 1837 2202 1887 Domini
2222 1838 2269 1885 in
2287 1837 2448 1891 coelis;

446 1906 511 1955 ibi
531 1914 697 1956 omnes
713 1906 1044 1957 distinetbsunt
1066 1909 1116 1956 ὅτ.
1139 1907 1294 1956 locum
1320 1907 1367 1956 in
1393 1907 1613 1956 Maximo
1641 1906 1855 1956 Homine
1885 1906 2029 1954 sortiti
2065 1905 2167 1954 sunt
2197 1904 2448 1960 secundum

443 1973 590 2039 quale·
614 1973 742 2031 boni,
795 1987 888 2023 tam
913 1975 959 2022 in
985 1968 1149 2039 genere
1182 1990 1324 2039 quam
1350 1975 1397 2022 in
1420 1974 1581 2039 specie.
1654 1972 1731 2020 Ex
1760 1973 1907 2028 coeiis,
1958 1972 2086 2037 quod
2119 1971 2321 2020 distincti
2363 1971 2450 2022 sint

444 2057 606 2100 omnes
629 2041 693 2090 ibi
721 2041 965 2107 secumdum
992 2044 1126 2098 bona,
1160 2041 1362 2089 constare
1386 2040 1552 2106 potest,
1587 2056 1727 2104 quam
1754 2039 1998 2103 multiplex
2022 2039 2071 2086 &
2096 2055 2241 2103 quam
2265 2039 2445 2089 varium

442 2105 724 2165 emmaum,
760 2107 826 2157 est
847 2106 972 2156 enim
997 2116 1093 2156 tam
1117 2104 1316 2164 varium,
1357 2121 1410 2156 ut
1435 2106 1659 2172 nusquam
1680 2108 1801 2155 'unus
1823 2107 1869 2154 in
1895 2105 2029 2153 simili
2054 2106 2179 2155 bono
2205 2105 2257 2152 fit
2282 2104 2327 2153 in
2349 2120 2447 2169 quo

440 2173 550 2235 alter
569 2195 598 2236 ς,
635 2176 736 2223 imo
759 2174 789 2223 si
817 2174 1046 2237 myriades
1081 2173 1345 2237 myriadum
1388 2173 1798 2236 multiplicarentur
1828 2173 1876 2220 in
1909 2185 2156 2229 aeternum,
2208 2187 2299 2220 non
2326 2171 2446 2224 foret

442 2240 576 2288 utrius
592 2241 775 2290 bonum
811 2239 959 2292 {imile
992 2240 1175 2288 alterius
1195 2261 1209 2294 ς
1263 2239 1375 2288 sicut
1398 2255 1480 2290 nec
1502 2255 1620 2287 unus
1643 2240 1780 2290 simili
1803 2232 1916 2289 facie
1938 2255 1993 2288 ac
2015 2240 2158 2294 altem
2198 2239 2335 2288 etiam
2360 2239 2443 2287 bo-

390 2329 401 2348 :
444 2323 559 2355 num
587 2307 631 2355 in
656 2307 787 2356 coelis
809 2306 982 2357 format
1005 2307 1139 2356 facies
1162 2307 1458 2371 angelorum:
1510 2306 1639 2372 quod
1665 2320 1887 2371 perpetua
1911 2306 2100 2354 varietas
2124 2306 2194 2363 fit,
2243 2306 2307 2353 est
2332 2307 2443 2369 quia

440 2364 608 2422 omnis·
624 2373 781 2425 ωιτη
800 2383 858 2422 en
879 2374 1104 2423 distinctis
1138 2375 1276 2422 variis
1308 2373 1521 2431 consistit,
1541 2371 1546 2377 ’
1572 2374 1606 2422 fi
1621 2374 1744 2422 enim
1767 2375 1864 2422 duo
1887 2373 2066 2438 prorsus
2090 2373 2255 2422 slmiles
2280 2373 2439 2437 effent,

440 2441 941 2509 tunc'non'potuiiiy'ent
971 2442 1068 2491 duo
1097 2443 1185 2490 effe
1212 2442 1284 2490 sed
1311 2459 1482 2490 unum:
1540 2441 1647 2488 inde
1678 2457 1863 2507 quoque
1900 2440 1983 2497 est,
2033 2440 2161 2505 quod
2200 2440 2245 2488 in
2284 2453 2443 2491 natura

438 2507 823 2575 nusquam-detur
847 2510 1144 2558 mutuemini
1174 2506 1321 2557 'tundo
1348 2507 1495 2557 ‘simile
1518 2507 1666 2557 alteri.
1734 2508 1882 2572 Qud
1909 2506 2018 2556 facit
2041 2510 2216 2556 bonurn
2244 2520 2336 2556 tam
2362 2523 2441 2556 va-

437 2574 576 2631 rium,
607 2574 678 2624 est
699 2575 883 2631 verum,
918 2577 1006 2624 hoc
1026 2591 1132 2624 cum
1155 2574 1455 2639 conjungitur
1479 2575 1710 2641 qualificat
1733 2575 1908 2623 bonum
1931 2595 1946 2629 3
1997 2574 2125 2637 quod
2151 2590 2316 2622 verum
2341 2586 2437 2624 tam

440 2643 687 2706 multiplex
710 2643 763 2690 fit
787 2643 837 2690 ὅτ
861 2643 1058 2700 urium,
1107 2639 1160 2691 ut
1185 2641 1230 2689 in
1251 2657 1432 2691 tantum
1471 2645 1640 2690 variare
1676 2657 1814 2706 queat
1839 2643 2031 2697 bonurn,
2083 2640 2146 2688 est
2171 2642 2277 2705 quia
2302 2643 2438 2689 innu-

439 2708 671 2758 mera-bilia
698 2709 945 2768 verafsunt,
991 2711 1042 2759 δι
1068 2711 1113 2758 in
1137 2710 1224 2758 alia
1248 2709 1398 2758 forma
1421 2724 1524 2757 uera
1548 2711 1763 2757 interiora
1785 2725 1927 2773 quarn
1951 2709 2193 2764 exteriora,
2227 2709 2278 2756 &
2301 2708 2433 2771 quod

434 2765 771 2842 &ilaeix‘e-qu'ae'
789 2775 997 2840 sensuum
1026 2792 1342 2834 externorum,
1391 2778 1436 2824 se
1460 2775 1729 2840 adjungant,
1781 2779 1831 2825 &
1854 2791 2043 2841 quoque
2068 2771 2172 2827 falfa
2195 2790 2305 2840 quae
2331 2774 2433 2824 sunt

432 2843 898 2907 centupiseentiartim
914 2865 931 2898 r,
962 2858 1074 2897 eum
1096 2845 1252 2909 itaque
1267 2858 1366 2892 tam
1386 2843 1862 2905 mnumerabilragvera
1885 2842 2006 2900 suns,
2039 2842 2240 2889 constare
2266 2844 2433 2907 potest,

433 2911 561 2972 quod
588 2908 1031 2976 pertconjunffiones
1063 2912 1259 2960 totidem
1297 2911 1421 2958 varia
1456 2911 1650 2958 existant
1676 2925 1725 2958 ut
1748 2910 1965 2975 nul'tluam
1994 2912 2126 2974 poffit
2151 2926 2296 2959 unum
2319 2926 2430 2959 eum

523 2979 576 3040 ἰδ’
594 2977 864 3038 idem-effe&
883 2979 991 3041 'hoc
1015 2978 1158 3044 liquet
1173 2977 1215 3024 ei
1236 2978 1318 3043 qui
1343 2977 1493 3033 novit,
1530 2979 1658 3044 quod
1684 2977 1828 3026 modo
1846 2991 1908 3024 ex
1932 2976 2100 3040 viginti
2126 2977 2268 3025 tribus
2293 2978 2429 3024 variis

432 3042 1093 3111 pendistrsas‘ffihjunefiones
1109 3044 1300 3096 existere
1320 3046 1482 3110 poffint
1503 3060 1632 3093 voces
1651 3046 1863 3093 omnium
1883 3044 2165 3108 linguarum,
2201 3045 2300 3091 imo
2319 3061 2426 3090 cum

433 3110 652 3173 perpetim
672 3099 1108 3182 varffltefi'millia
1133 3110 1400 3176 linguarum
1426 3112 1591 3170 forent,
1627 3112 1740 3177 quid
1765 3127 1858 3161 non
1878 3127 1938 3159 ex
1964 3111 2162 3159 millibus
2186 3127 2237 3158 ac
2263 3110 2428 3172 myria-

431 3173 570 3223 dibus
586 3175 869 3245 vastamur,
889 3188 941 3229 ut
963 3172 1076 3228 ‘sdnt
1098 3193 1233 3227 vera:
1287 3180 1375 3227 huc
1399 3195 1584 3244 quoque
1615 3180 1858 3229 confirmat
1894 3178 2056 3243 regula
2091 3178 2354 3224 communis
2377 3178 2428 3226 in

431 3242 792 3308 mundo',''quod
813 3244 1057 3295 wtserffiss
1080 3245 1307 3313 fintiquot
1329 3249 1493 3312 mpla,
1514 3262 1519 3266 ⁴
1543 3246 1631 3297 hnc
1652 3246 1735 3306 est,
1768 3246 1900 3312 quod
1919 3259 1987 3295 tot
2003 3244 2281 3293 diversitates
2297 3244 2427 3309 idea7

432 3312 555 3368 litun,
590 3323 706 3376 quot
728 3310 952 3361 homines.
1077 3363 1082 3366 ,

2271 3392 2418 3446 7237·
