2912 3770
767 259 1199 334 CAPUT
1307 263 2050 336 SEPTIMUM.
2308 266 2435 349 55.

429 388 567 451 satur,
601 407 708 450 vera
731 391 992 456 ubicunque
1017 389 1092 437 illa
1114 387 1236 447 sunt,
1286 405 1314 437 a
1348 389 1392 437 se
1421 388 1581 454 rejicit,
1617 389 1666 438 &
1687 389 1734 438 fi
1767 403 1863 436 non
1896 385 2074 451 rejicere
2109 387 2257 450 potest
2279 294 2407 439 sassi-

438 459 650 588 Ηεέξ328.
687 524 753 571 Et
775 523 822 570 in
847 523 982 586 lignis
1005 521 1126 585 &jn
1148 520 1394 583 lapidibus,
1444 519 1569 584 quod
1607 519 1841 582 significet*
1862 517 1970 567 boni
2005 517 2131 580 quod
2154 517 2397 576 charitatis,

433 591 483 640 &
510 591 602 639 veri
623 590 749 653 quod
774 589 901 643 fidei,
937 602 1106 650 nempe
1129 585 1490 633 falfificationem
1516 587 1725 643 totalem,
1776 585 1950 633 constat
1981 600 2039 630 ex
2073 585 2407 645 significatione

435 657 688 719 lignorum,
723 654 846 718 quod
873 653 960 700 fint
981 654 1101 700 bona
1122 667 1231 716 quae
1252 651 1488 707 charitatis,
1533 650 1592 698 de
1615 668 1706 715 qua
1729 668 1785 698 n:
1813 654 1959 713 2784.
1987 653 2130 697 2812.
2158 664 2320 711 37203
2353 652 2406 698 δι·

431 739 488 770 ex
513 721 839 784 significatione
861 717 1085 783 lapidum,
1119 717 1248 782 quod
1269 717 1356 765 fint
1377 733 1484 764 vera
1506 733 1614 781 quae
1635 717 1760 774 fidei;
1792 717 1851 766 de
1875 731 1965 782 qua
1989 731 2018 762 n
2036 731 2052 761 .·
2083 719 2224 780 1298.
2257 732 2407 778 3720·

404 860 407 867 ⁴
436 790 661 915 64723629.
680 850 743 897 Et
766 848 969 897 fecerunt
992 849 1052 898 ita
1075 849 1303 898 Moscheh
1327 850 1377 897 δε
1402 849 1612 907 Aharon,
1651 847 2052 915 quemadmodum
2075 847 2296 913 praecepit
2319 850 2406 911 Je-

426 918 601 974 hovah,
630 915 758 980 quod
779 915 999 978 fignificet
1016 915 1249 972 effectum,
1284 915 1455 965 constat
1476 915 1643 980 absque
1665 917 1986 981 explicatione.

493 998 639 1047 7330.
677 981 740 1029 Et
760 982 935 1029 sustulit
956 981 1192 1038 baculum,
1226 983 1277 1030 ὅτ
1294 983 1502 1046 percuffit
1523 997 1660 1046 aquas
1681 998 1787 1047 quae
1811 982 1856 1029 in
1876 980 2043 1038 fluvio,
2076 981 2203 1046 quod
2228 981 2407 1043 fignifi-
2462 1005 2475 1013 -

424 1063 496 1125 cet
518 1050 772 1113 potentiam
798 1047 843 1096 in
869 1046 973 1095 falsa
995 1047 1213 1122 validam,
1263 1047 1437 1096 constat
1459 1064 1519 1096 ex
1539 1048 1629 1095 illis
1653 1049 1780 1109 supra
1799 1064 1856 1097 n:
1884 1064 1910 1112 7
1918 1065 1943 1112 3
1956 1048 2012 1097 ι6
2033 1069 2048 1104 ;
2083 1047 2288 1095 validum
2312 1048 2402 1111 fig-

422 1115 529 1246 mfi7c
526 1133 558 1245 ga
559 1129 637 1245 131³:
653 1113 1831 1254 plexldqdlcotiiolaugliiieggntiffugnibgbcfiuclolgesecgffiffiiii
1855 1179 1968 1244 ejus,
2021 1180 2149 1244 quod
2174 1179 2402 1253 significet
2468 1203 2470 1205 >

424 1251 469 1298 in
491 1259 894 1311 apperceptionem
915 1248 1131 1295 omniurn
1155 1246 1337 1321 illorum
1359 1246 1443 1311 qui
1467 1245 1756 1319 infestabant,
1788 1247 1960 1295 constat
1981 1262 2039 1293 ex
2063 1247 2403 1308 significatione

422 1317 681 1371 oculorum,
715 1311 843 1377 quod
865 1311 951 1359 fint
984 1325 1297 1376 apperceptio,
1345 1315 1405 1360 de
1436 1329 1528 1378 qua
1563 1329 1616 1362 n:
1652 1317 1797 1376 4083.
1833 1328 1965 1377 4339
1988 1334 2004 1366 ·,
2054 1313 2104 1359 &
2139 1328 2198 1360 ex
2231 1328 2396 1376 reprae-

384 1407 391 1410 ’
423 1380 671 1431 sentatione
706 1378 967 1435 PharaoniS,
1021 1379 1148 1441 quod
1184 1379 1272 1427 fint
1293 1379 1376 1442 qui
1399 1394 1481 1442 per
1505 1378 1606 1426 falsa
1630 1378 1857 1435 infestant,
1902 1379 1960 1426 de
1981 1394 2073 1443 qua
2098 1379 2255 1442 prius-»3
2307 1395 2395 1426 om·

418 1463 490 1499 tes
519 1447 588 1496 ilii
611 1444 923 1510 .fignificantur
954 1459 1067 1492 cum
1097 1444 1263 1493 dicitur
1295 1445 1355 1493 ad
1377 1445 1533 1493 oculos
1559 1445 1807 1494 Pharaonis
1830 1446 1881 1492 &
1904 1444 1963 1493 ad
1984 1446 2140 1494 oculos
2157 1444 2398 1494 servorum
2424 1455 2427 1457 ’

422 1529 446 1565 Β
465 1528 535 1563 US.

381 1628 383 1630 .
439 1530 460 1578 J
488 1594 633 1643 7332.
669 1576 739 1626 Et
756 1576 983 1626 conversae
1006 1578 1110 1626 sunt
1130 1593 1291 1626 omnes
1313 1593 1446 1641 aquae
1467 1594 1575 1644 quae
1611 1578 1657 1626 in
1687 1577 1834 1629 fluvio
1858 1578 1905 1626 in
1945 1576 2225 1641 sanguinem,
2261 1577 2396 1643 quod
2477 1602 2486 1609 ·

403 1647 642 1710 *significet
665 1643 770 1691 inde
791 1643 1144 1699 falfificationem
1169 1645 1319 1692 omnis
1353 1646 1466 1703 veri,
1505 1644 1673 1694 constat
1713 1661 1772 1693 ex
1809 1644 2135 1709 significatione
2172 1661 2396 1708 aquarum

417 1729 527 1778 quae
551 1711 595 1759 in
620 1710 782 1768 fluvio,
818 1709 943 1775 quod
967 1711 1055 1758 sint
1076 1710 1200 1768 falsa,
1232 1712 1292 1759 de
1324 1726 1413 1774 qua
1436 1712 1567 1776 supra
1613 1728 1672 1759 n:
1716 1726 1744 1776 7
1750 1727 1876 1774 307³
1911 1713 1962 1759 &
1984 1728 2043 1760 ex
2068 1709 2395 1773 significatione

414 1777 659 1842 sanguinis,
694 1777 823 1842 quod
859 1775 913 1823 fit
935 1775 1183 1825 falfificatio
1206 1778 1319 1833 veri,
1355 1777 1414 1824 de
1459 1795 1553 1843 qua
1589 1778 1727 1826 etiam
1774 1777 1908 1840 supra
1944 1795 1972 1825 n
2004 1795 2019 1825 ε
2058 1791 2202 1840 7317.
2245 1778 2394 1839 7326.

417 1844 559 1912 Qod
584 1845 885 1906 permittatur,
926 1843 1052 1906 quod
1077 1842 1141 1890 illi
1164 1843 1246 1907 qui
1272 1844 1316 1889 in
1343 1841 1459 1892 falsis
1480 1846 1531 1893 &
1555 1843 1759 1892 infestant
1782 1844 1827 1891 in
1849 1843 1986 1892 altera
2008 1844 2122 1899 vita,
2156 1841 2394 1892 falsificent

417 1926 538 1966 vera,
571 1909 635 1956 est
657 1909 801 1965 causa,
835 1924 891 1956 ne
915 1924 996 1972 per
1018 1910 1139 1956 Vera
1162 1925 1269 1974 quae
1299 1909 1406 1957 fidei
1445 1909 1913 1959 communicationem
1950 1911 2142 1957 habeant
2173 1924 2277 1956 cum
2305 1909 2395 1957 illis

412 1978 490 2044 qui
514 1978 562 2026 in
584 1976 720 2031 coelo,
755 1975 806 2022 δε
829 1990 909 2037 per
930 1973 1050 2022 mala
1070 1991 1185 2040 quae
1203 1974 1305 2022 sunt
1342 1976 1460 2023 vitae:
1475 1977 1943 2024 communicationem
1964 1977 2157 2024 habeant
2176 1991 2282 2022 cum
2307 1975 2400 2024 illis

411 2044 493 2109 qui
518 2044 563 2091 in
587 2042 782 2097 inferno,
818 2041 999 2099 &inde
1022 2057 1103 2103 per
1126 2056 1232 2088 vera
1254 2042 1490 2104 acquirant
1510 2043 1592 2090 fibi
1615 2042 1784 2106 aliquid
1810 2042 1926 2088 lucis.
1941 2059 1967 2089 e
1989 2044 2131 2097 coelo,
2163 2041 2213 2088 δε
2236 2042 2293 2088 fie
2310 2042 2392 2089 ali-

410 2109 523 2174 quid
549 2106 884 2171 intelligentiae,
920 2107 970 2153 ὅτ
994 2104 1158 2153 faciant
1180 2118 1234 2154 ut
1255 2123 1306 2153 ea
1330 2106 1518 2154 serviant
1543 2108 1673 2155 malis
1695 2123 1804 2170 quae
1827 2109 1952 2164 vitae,
1973 2124 2075 2154 nam
2100 2106 2156 2153 ad
2181 2107 2392 2156 favorem

413 2174 522 2224 mali
550 2173 827 2238 applicarent
877 2171 952 2219 illa
989 2172 1449 2235 quaeintelligentiae
1482 2172 1599 2229 sunt,
1635 2189 1687 2220 ac
1716 2174 1775 2220 sic
1818 2172 1890 2220 illa
1929 2189 2035 2238 quae
2066 2174 2171 2221 coeli
2199 2172 2390 2238 subjice-

410 2253 510 2290 rent
542 2239 662 2303 apud
699 2238 742 2287 se
777 2237 865 2286 illis
908 2253 1016 2302 quae
1040 2236 1197 2285 inferni
1213 2258 1240 2301 ξ,
1271 2240 1530 2303 &quoque
1568 2256 1625 2286 ne
1659 2239 1918 2286 seducerent
1956 2239 2180 2303 simplices
2218 2242 2394 2301 probos

409 2306 607 2370 spirituS‚
641 2321 749 2352 cum
770 2303 939 2369 quibus
963 2320 1043 2366 per
1065 2319 1171 2351 vera
1201 2306 1667 2352 communicationem
1695 2305 1891 2353 habent:
1926 2305 2067 2351 sciunt
2114 2308 2250 2353 etiam
2277 2305 2389 2354 mali

407 2372 453 2420 in
477 2373 612 2422 altera
629 2372 739 2428 vita,
769 2369 891 2435 apud
914 2384 1029 2434 quos
1059 2384 1164 2417 vera
1186 2369 1400 2417 nondum.
1417 2369 1645 2418 falsificata
1669 2371 1785 2427 sunt,
1821 2374 1898 2433 per
1921 2371 1999 2418 illa
2022 2369 2100 2418 libi
2124 2371 2389 2420 dominium

407 2438 656 2503 acquirere,
686 2453 791 2484 nam
827 2435 1033 2500 potentia
1072 2434 1184 2483 inest
1218 2439 1348 2492 νοτὶς,
1383 2436 1523 2500 usque
1571 2437 1691 2484 adeo
1726 2450 1779 2493 ut
1821 2454 1914 2484 non
1954 2436 2089 2486 reststi
2128 2450 2286 2501 queat,
2318 2454 2390 2486 n:

405 2520 554 2570 3091.
595 2505 742 2566 6344.
768 2503 919 2564 64¹3·
939 2502 1086 2565 6948,
1120 2502 1228 2550 inde
1264 2517 1450 2566 quoque
1481 2503 1770 2552 abuterentur
1791 2505 1937 2550 veris:
1974 2516 2193 2567 praeterea-
2216 2520 2318 2551 vera
2338 2521 2386 2551 a.-
2481 2503 2487 2507 ’

403 2571 502 2635 pud
527 2568 806 2618 malos'hihil
834 2571 1011 2630 prorius
1048 2567 1103 2614 ad
1138 2569 1509 2615 emendationem
1555 2570 1674 2616 vitae
1701 2586 1862 2617 eorum
1903 2570 2122 2624 efficiunt,
2174 2570 2245 2616 sed
2271 2571 2389 2618 mali

363 2676 367 2684 .
406 2631 549 2684 modo
572 2633 871 2684 utunturillis
895 2647 946 2681 ut
970 2633 1203 2683 mediisad
1224 2633 1481 2681 faciendum
1500 2636 1687 2688 malum,
1722 2635 1889 2698 absque
1911 2636 1990 2681 illo
2014 2636 2099 2681 usu
2120 2636 2230 2682 mali
2255 2652 2382 2699 pror·

377 2702 471 2750 'sus
502 2701 686 2749 irrident
711 2716 846 2756 vera;
884 2700 981 2747 sunt
1007 2700 1122 2761 ,ficut
1163 2700 1271 2747 mali
1309 2701 1542 2757 antistiteS,
1589 2700 1671 2765 qui
1718 2702 1748 2749 fi
1780 2717 1871 2748 non
1907 2700 2128 2748 doetrinae
2166 2717 2273 2749 vera
2309 2703 2383 2748 in·

400 2767 594 2815 serviant
616 2768 703 2815 illis
726 2783 813 2830 pro
830 2766 994 2815 mediis
1019 2765 1238 2822 luctandi,
1273 2766 1352 2812 illa
1374 2766 1687 2827 subsannarent
1704 2785 1722 2814 z
1752 2769 1826 2815 hae
1857 2766 2002 2814 causae
2024 2767 2150 2824 sunt,
2176 2783 2256 2814 cur
2277 2784 2383 2832 pet·

403 2833 607 2881 mittitur
625 2833 761 2880 malis
771 2846 823 2880 ut
843 2832 974 2896 apud·
993 2834 1035 2878 se
1059 2848 1167 2879 vera
1193 2831 1439 2880 falsificent.

443 2912 627 2961 ·73233.·
654 2897 717 2947 Et
748 2898 1005 2964 piscis-qui
1041 2899 1086 2944 ‘m
1127 2897 1271 2944 fluvio
1304 2898 1601 2956 moriebatur,
1651 2898 1792 2964 quoe}
1815 2898 2041 2963 significet
2074 2897 2385 2949 scientificum

404 2963 506 3010 veri.
521 2965 733 3012 &etiam
751 2963 1044 3021 exstinctum,
1084 2964 1258 3011 constat
1278 2979 1338 3011 ex
1360 2963 1444 3009 illis
1469 2965 1602 3028 supra
1625 2982 1654 3012 n
1676 2984 1687 3012 ε
1717 2984 1773 3030 73
1790 2970 1864 3023 ι8,
1899 2967 1983 3013 ubi
2005 2965 2163 3012 eadem
2190 2968 2348 3012 verba.

440 3063 444 3065 »
475 3032 620 3091 7334.
655 3029 723 3079 Ee
743 3031 895 3093 putuit
918 3029 1108 3087 fluvius,
1139 3029 1268 3094 quod
1291 3029 1515 3091 significet
1536 3033 1884 3088 aversationem,
1914 3033 2085 3079 constat
2108 3046 2170 3078 ex
2190 3031 2276 3079 illis
2304 3031 2406 3079 suf

409 3106 488 3156 pra
513 3110 569 3140 n:
597 3109 622 3155 7
629 3110 653 3156 3
666 3110 739 3156 ¹9·

473 3166 625 3222 7335.
655 3159 723 3208 Et
757 3175 849 3208 non
873 3174 1122 3225 potuerunt
1139 3161 1360 3227 AEgyptii
1394 3162 1550 3211 bibere
1594 3177 1769 3226 aquam
1801 3180 1861 3212 ex
1884 3162 2049 3220 fluvio,
2076 3161 2207 3228 quod.
2239 3160 2386 3222 signi-a

2274 3229 2389 3278 ficet
