2912 3770
814 199 1274 310 ‘CAPUT'
1346 160 2023 293 DECIMUM.
2118 185 2125 189 ‘
2267 244 2432 314 ‚337

390 394 395 401 -
471 339 493 414 ’,
542 369 628 424 27.
667 350 746 406 Et
769 325 1067 407 obfirmavit
1102 349 1406 421 Jssuovun
1432 364 1519 401 cor
1538 345 1828 416 Pharaonis,
1859 344 1916 399 ὅτ.
1936 361 2040 399 non
2063 342 2235 400 voluit
2254 342 2436 398 dimit-

462 428 747 555 terigtlogt
770 499 901 552 dixit
925 500 995 552 illi
1011 497 1227 566 Phara0,
1262 496 1346 549 abi
1375 495 1441 547 ab
1476 494 1612 566 apud
1639 512 1742 564 me,
1785 509 1905 550 cave
1938 492 2039 546 tibi
2078 510 2140 546 ne
2175 490 2325 545 addas
2348 491 2435 546 vi-

464 574 580 628 dere
603 572 743 627 facies
764 587 911 641 meas,
948 572 1061 642 quia
1082 572 1135 622 in
1154 570 1236 632 die
1260 569 1425 628 videre
1448 580 1501 621 te
1522 566 1662 622 facies
1685 585 1835 637 ηις-λε,
1879 566 2117 622 morieris.

541 666 570 700 2
575 666 653 772 ρὲα
670 645 748 729 Et
771 646 903 698 dixit
924 642 1195 712 Moscheh,
1248 639 1376 694 redte
1398 641 1649 713 loquutus
1670 659 1742 713 es,
1765 658 1870 694 non
1892 640 2073 695 addam
2094 637 2312 711 amplius
2350 639 2435 699 vi·-

462 720 581 774 dere
653 736 746 772 cxes
770 729 896 771 tuas.
1605 749 1611 755 ·

962 858 1929 929 CONTEN-TA.

465 1010 626 1084 7628.
759 1006 822 1063 N
861 1011 963 1062 hoc
985 1007 1167 1080 Capite
1190 1007 1243 1059 in
1264 1003 1402 1060 sensu
1425 1006 1626 1060 interno
1663 1007 1993 1062 continuatur
2038 1005 2202 1060 adhuc
2244 1006 2307 1059 de
2328 1005 2441 1059 Va·-

665 1016 735 1149 I
777 1084 990 1136 statione
1013 1082 1223 1133 illorum
1246 1081 1335 1151 qui
1359 1078 1592 1134 infestant
1617 1081 1732 1134 illos
1769 1082 1857 1151 qui
1880 1081 1946 1134 ab
1971 1079 2189 1133 Ecclefia
2214 1077 2444 1152 Spiritu·-

460 1157 531 1212 ali
559 1154 677 1211 sunt
700 1180 715 1227 3
761 1174 894 1209 nunc
917 1155 1086 1225 agitur
1109 1155 1172 1207 de
1196 1153 1505 1208 Vastationis
1525 1172 1662 1207 nono
1684 1155 1742 1208 ὃζ
1766 1155 1957 1208 decimo
1991 1154 2126 1207 statu
2150 1152 2233 1206 seu
2259 1157 2444 1223 gradu,

465 1233 556 1302 qui
591 1230 932 1284 describuntur
974 1246 1063 1299 per
1088 1226 1357 1281 Locustam
1399 1228 1457 1281 δί
1500 1246 1587 1300 per
1627 1227 1924 1298 Caliginem‚
1970 1245 2059 1297 per
2101 1245 2220 1297 quas
2248 1226 2445 1298 fignifi-

463 1319 645 1360 cantur
668 1301 874 1358 Falsum
894 1320 955 1356 ex
976 1301 1111 1355 malo
1130 1301 1392 1358 devastans
1414 1303 1578 1355 omnia
1600 1320 1713 1372 quoe
1737 1300 1855 1354 sunt
1875 1299 2110 1354 Ecclefiae
2135 1301 2268 1373 apud
2292 1302 2426 1354 illos·
2447 1311 2450 1313 ’

592 1668 1243 1738 SENSUS
1368 1666 2317 1754 INTERNUs.

475 1824 623 1890 7629.
660 1824 810 1873 Vers:
848 1841 867 1873 1
897 1823 955 1872 ad
979 1824 1024 1873 6.
1187 1822 1233 1872 Y
1257 1823 1366 1883 dixit
1382 1824 1593 1886 ⁴Jehovah
1614 1823 1673 1871 ad
1694 1822 1918 1886 Moschen,
1952 1824 2054 1870 veni
2075 1821 2136 1869 ad
2153 1822 2451 1880 Pharaonem,'

1064 1826 1170 1951 E
1204 1893 1306 1954 quia
1330 1893 1423 1954 Ego
1449 1893 1698 1954 aggravavi
1720 1906 1793 1937 cor
1814 1890 1943 1944 illius,
1981 1889 2037 1938 ἔθ’
2059 1906 2129 1937 cor
2140 1889 2369 1952 servorum
2393 1891 2448 1935 il·
2484 1908 2490 1916 ¹

461 1957 559 2008 lius,
566 1966 788 2020 propterea
812 1965 861 2004 ut
872 1967 1032 2018 ponam
1040 1955 1172 2015 signa
1193 1973 1287 2005 mea
1308 1957 1398 2004 haec
1419 1960 1464 2004 in
1486 1955 1615 2004 medio
1638 1955 1767 2003 illius.
1838 1957 1901 2002 Et
1913 1965 2140 2018 propterea
2158 1965 2205 2003 ut
2229 1971 2380 2004 narres
2398 1958 2447 2003 in

466 2022 646 2069 auribus
657 2022 745 2085 filii
767 2025 852 2075 tui,
886 2022 942 2072 δέ’
956 2023 1049 2082 filii
1057 2021 1148 2081 ‘filii
1169 2025 1251 2078 tui,
1276 2039 1366 2086 quae
1389 2033 1587 2084 operatus
1600 2023 1699 2085 sum
1723 2024 1769 2069 in
1785 2023 1994 2085 AEgypto‚
2020 2021 2076 2070 &³
2090 2022 2214 2084 signa
2238 2037 2332 2069 mea
2353 2038 2447 2086 quae

461 2088 585 2152 posui
626 2088 794 2143 inillis,
831 2087 887 2136 ff?
909 2090 1063 2150 sciatis
1097 2087 1207 2151 quod
1224 2090 1319 2152 Ego
1341 2088 1558 2150 Jehovah.
1631 2090 1692 2134 Et
1713 2089 1834 2134 venit
1868 2088 2072 2149 Moscheh
2105 2087 2162 2137 fs?
2185 2088 2365 2136 Aharon
2387 2087 2449 2135 ad

468 2153 755 2209 Pharaonem,
793 2153 849 2202 δέ
869 2153 1068 2202 dixerunt
1090 2152 1150 2200 ad
1168 2154 1304 2210 illum,
1341 2154 1406 2202 ita
1428 2153 1533 2202 dicit
1552 2153 1758 2216 Jehovah
1780 2154 1900 2202 Deus
1918 2153 2214 2210 Hebraeorum,
2249 2156 2451 2219 quousque

468 2221 614 2268 renuis
637 2220 857 2267 humiliari
879 2237 1022 2268 coram
1043 2222 1140 2275 Me,
1175 2219 1336 2268 dimitte
1353 2222 1552 2284 populum
1574 2235 1723 2276 meum,
1758 2218 1816 2269 ἔθ’
1840 2220 2040 2281 serviant
2065 2221 2201 2267 Mihi.
2271 2218 2391 2282 Qia
2401 2220 2450 2281 st

467 2287 612 2334 renuis
632 2295 680 2334 tu
703 2286 920 2343 dimittere
936 2286 1135 2350 populum
1157 2298 1311 2342 meum,
1347 2303 1435 2335 ecce
1458 2288 1551 2351 Ego
1572 2285 1733 2334 adduco
1771 2301 1868 2333 cras
1891 2287 2113 2346 Locustam
2153 2290 2199 2333 in
2222 2289 2448 2334 terminum

466 2362 604 2400 tuum.
676 2353 739 2400 Et
761 2352 919 2416 obteget
932 2351 1197 2415 superficiem
1217 2363 1365 2410 terne,
1400 2352 1457 2402 ἐξ
1479 2369 1559 2400 non
1592 2355 1751 2414 poterit
1787 2351 1935 2400 videre
1971 2363 2156 2409 terram,
2195 2352 2250 2401 &²
2270 2352 2449 2401 comedet

465 2417 676 2477 residuum
701 2419 902 2477 evcfionis
923 2421 1084 2468 relietae
1105 2418 1222 2467 vobis
1243 2436 1271 2466 a
1284 2419 1514 2484 grandine,
1549 2417 1797 2468 &comedet
1813 2434 1967 2466 omnem
1991 2419 2184 2466 arborem
2200 2423 2451 2483 germinan-

464 2493 550 2533 tem
573 2485 693 2531 vobis
715 2500 765 2531 ex
788 2501 906 2548 agro.
975 2483 1040 2532 Et
1063 2480 1338 2547 replebuntur
1356 2485 1502 2534 domus
1524 2495 1628 2543 tuce,
1666 2485 1722 2534 ἐξ
1742 2484 1887 2532 doinus
1909 2488 2092 2532 omnium
2115 2488 2341 2546 servorum
2378 2496 2450 2532 tu-

465 2566 604 2606 orum,
642 2549 698 2599 {9⁹
719 2550 862 2598 dom‘us
885 2552 1064 2598 omnium
1086 2551 1389 2614 AEgyptiorum
1409 2576 1423 2610 3
1458 2568 1582 2616 quam
1605 2568 1683 2599 non
1704 2550 1907 2599 viderunt
1938 2561 2086 2612 patres
2109 2556 2190 2607 tui,
2229 2552 2283 2600 &
2303 2562 2451 2614 patres

427 2623 436 2626 ’
461 2625 643 2680 patrum
668 2626 854 2670 tuorum,
890 2634 917 2664 a
940 2617 1006 2664 die
1014 2619 1201 2680 fuerunt
1210 2621 1342 2680 super
1359 2617 1504 2673 humo,
1540 2618 1664 2680 usque
1699 2617 1760 2664 ad
1778 2616 1886 2664 diem
1910 2616 2048 2664 hunc.-
2083 2617 2138 2665 δέ
2178 2618 2354 2680 respexit
2392 2617 2450 2666 &2'

467 2684 605 2729 exivit
626 2699 654 2729 a
677 2699 769 2729 cum
791 2683 1032 2731 Pharaone.
1104 2682 1169 2730 Et
1186 2684 1304 2732 dixit
1322 2684 1531 2744 Jehovah
1550 2687 1606 2730 ad
1628 2684 1869 2738 Moschen,
1908 2683 2131 2745 fignificat
2151 2686 2446 2731 mandatum:

467 2749 574 2794 veni
613 2749 671 2796 ad
715 2749 1016 2805 Pharaonem,
1052 2748 1272 2810 fignificat
1307 2750 1590 2812 praesentiarn
1615 2750 1765 2796 Veria
1801 2748 1980 2797 Divino
2014 2750 2135 2811 apud
2166 2749 2452 2797 infestantes:

469 2813 579 2877 quia
602 2814 710 2874 Ego
732 2816 978 2877 aggravavi
1004 2830 1081 2862 cor
1105 2816 1242 2872 illius,
1279 2818 1329 2864 δε
1353 2832 1429 2863 cor
1453 2817 1688 2864 servorum
1727 2814 1863 2871 illius,
1903 2814 2125 2877 fignificat
2163 2817 2291 2880 quod
2315 2816 2454 2863 obsti-

471 2879 677 2925 naverint
701 2879 741 2926 se
763 2883 1069 2928 communiter
1090 2896 1249 2929 omnes
1270 2899 1280 2928 :
1317 2895 1557 2944 propterea
1580 2895 1631 2928 ut
1655 2881 1823 2943 ponam
1849 2880 1974 2942 figna
1999 2897 2097 2927 mea
2117 2883 2214 2929 haec
2231 2884 2277 2929 in
2298 2883 2454 2931 medio

473 2942 608 3001 illius,
645 2946 863 3006 fignificat
886 2961 937 2994 ut
958 2947 1227 3010 cognoscant
1253 2942 1360 2994 mali
1383 2949 1510 3010 quod
1539 2948 1584 2994 in
1610 2948 1734 2994 malo
1758 2947 1859 3003 fint,
1897 2948 1947 2995 δε
1971 2948 2372 2995 boni-illustrentur
2394 2950 2453 2993 de

473 3007 591 3055 statu
616 3008 799 3063 illorum
824 3013 904 3076 qui
931 3014 1047 3060 intra
1072 3013 1316 3061 Eccleslam
1342 3014 1459 3061 male
1484 3015 1650 3060 vivunt
1667 3031 1682 3060 :
1727 3015 1777 3061 δε
1802 3026 2036 3075 propterea
2058 3027 2110 3062 ut
2132 3030 2277 3060 narres
2302 3014 2345 3060 in
2371 3030 2453 3060 au-

473 3073 594 3121 ribus
616 3073 700 3121 filii
723 3075 808 3132 tui,
843 3078 893 3124 δε
915 3072 999 3125 filii
1034 3079 1117 3127 filii
1142 3079 1224 3134 tui,
1260 3096 1369 3143 quae
1404 3090 1615 3142 operatus
1655 3079 1752 3127 sum
1794 3081 1839 3126 in
1881 3078 2111 3144 AEgypto‚
2150 3080 2367 3139 fignificat
2402 3092 2455 3127 ut

470 3138 613 3191 sciant
634 3141 714 3205 qui
740 3141 786 3188 in
809 3156 919 3190 vero
941 3145 990 3193 &
1015 3144 1138 3194 bono
1158 3145 1273 3211 quid
1295 3148 1448 3196 evenit
1470 3146 1558 3259 iltljif
1592 3146 1672 3210 qui
1711 3146 1771 3195 ab
1797 3144 1996 3194 Ecclefia
2034 3145 2131 3194 sunt
2168 3147 2219 3216 &i
2245 3143 2454 3260 infesgant

1568 3229 1598 3259 u
2252 3226 2339 3277 pro
2373 3226 2467 3261 os:
