2912 3770
776 227 1215 307 CAPUT
1307 226 2049 310 SEPTIMUM.
2281 265 2420 326 251«

413 363 515 433 ’669
523 381 567 431 3.
596 376 725 431 7307
747 383 765 419 3
803 364 853 412 δε
891 378 950 411 ex
990 361 1323 425 significatione
1363 377 1590 418 ranarum,
1625 361 1757 426 quod
1804 359 1892 408 sint
1928 360 2179 420 ratiocinia,
2229 365 2289 413 de
2317 383 2408 431 qua

412 450 530 482 mox
566 434 712 497 supra,
749 448 806 478 n:
833 445 957 494 7351
983 451 998 485 3
1043 430 1173 494 quod
1213 444 1334 476 ranae
1370 429 1457 476 fint
1495 427 1745 485 ratiocinia,
1779 427 1844 476 est
1882 428 1991 493 quia
2029 427 2076 475 in
2121 431 2252 495 aquis
2287 433 2405 491 sunt,

415 503 467 550 &
490 501 553 549 ibi
574 499 752 565 garrule
776 497 953 553 sonant,
986 497 1038 543 &
1075 507 1289 552 coaxant,
1334 496 1386 542 &
1421 495 1523 542 sunt
1558 511 1749 560 quoque
1787 494 1904 542 inter
1943 494 2198 544 immunda.
2271 499 2403 561 Qid

414 568 698 616 ratiocinatio
732 580 791 612 ex
809 564 950 611 meris
979 561 1112 615 falsis,
1148 577 1231 624 per
1255 561 1434 625 aliquot
1455 561 1664 624 exempla
1703 561 2025 616 illustrabitur3
2059 579 2116 610 ex
2156 563 2293 612 meris
2316 564 2400 613 fal-

414 635 469 683 fis
503 634 807 686 ratiocinatur,
838 629 922 693 qui
967 627 1124 675 omnia
1147 639 1321 674 naturae
1343 626 1521 683 tribuit,
1555 628 1606 675 δε
1629 627 1710 675 vix
1743 628 1918 693 aliquid
1940 628 2153 684 Divino3
2187 646 2297 679 cum
2338 644 2403 680 ta·

409 718 521 750 men
540 700 694 752 omnia
709 713 768 745 ex
787 695 963 743 Divino
987 694 1108 751 sunt,
1143 694 1193 741 &
1218 705 1376 741 natura
1393 693 1459 740 est
1492 693 1636 741 modo
1654 693 1990 742 instrumentale
2009 711 2091 759 per
2107 698 2251 761 quod.
2322 698 2400 746 Ex

414 769 553 816 meris
591 764 710 814 falsis
744 761 1049 817 ratiocinatur,
1083 760 1166 825 qui
1206 760 1350 808 credit
1380 760 1508 824 quod
1545 759 1689 825 homo
1725 761 1777 809 fit
1808 760 1919 809 ficut
1940 761 2098 819 bestia,
2135 764 2280 811 modo
2303 779 2404 828 per-

411 833 590 890 fectior,
626 831 733 896 quia
755 827 958 892 cogitare
982 828 1130 891 potest
1151 847 1167 882 3
1202 828 1253 876 ὅτ
1275 826 1333 874 fic
1355 826 1484 892 quod
1506 827 1652 875 homo
1675 829 1919 876 moriturus
1943 828 1998 875 fit
2020 827 2130 876 ficut
2153 830 2289 877 bestia
2311 851 2326 886 3
2365 833 2402 879 is

405 899 518 966 quia
533 910 668 962 negat
685 893 1058 956 conjunctionem
1077 893 1278 943 hominis
1293 909 1399 942 cum
1422 894 1601 942 Divino
1618 910 1700 959 per
1713 895 2042 958 cogitationem
2061 912 2170 960 quae
2189 896 2315 954 fidei,
2349 899 2400 947 δε

407 981 491 1031 per
504 963 797 1013 affeffionem
815 977 924 1027 quae
939 961 1123 1019 amoris,
1158 962 1209 1009 δε
1227 960 1333 1008 inde
1350 973 1484 1025 negat
1501 960 1891 1019 resurrectionem,
1926 961 1978 1010 δι’
1994 962 2140 1010 vitam
2160 976 2400 1022 aeternam,

399 1042 463 1081 ex
479 1033 622 1080 ‘meris
644 1029 763 1078 falfis
786 1029 1006 1094 loquitur.
1075 1028 1297 1076 Similiter
1318 1029 1400 1093 qui
1421 1027 1565 1075 credit
1587 1028 1717 1093 quod
1742 1045 1836 1076 non
1868 1027 2101 1076 infernum
2125 1028 2194 1078 fit.
2263 1031 2399 1080 Tum

399 1113 591 1164 ‘quoque
613 1098 696 1161 qui
719 1096 879 1152 credit,
931 1093 1060 1160 quod
1085 1094 1230 1143 homo
1254 1110 1346 1142 non
1370 1095 1472 1160 plus
1495 1095 1660 1144 habeat
1680 1110 1821 1160 quam
1835 1094 2098 1160 jucundum
2119 1096 2249 1153 vitae,
2289 1114 2398 1146 cum
2462 1144 2465 1146 .

395 1163 532 1213 -estin
552 1164 746 1220 mundo,
782 1162 957 1212 &ideo
973 1161 1103 1226 quod
1122 1161 1201 1209 illo
1225 1160 1455 1209 fructurus
1476 1162 1547 1220 fit,
1581 1162 1693 1228 quia
1713 1178 1820 1210 curn
1846 1161 2039 1211 moritur
2061 1163 2240 1227 prorsus
2263 1167 2404 1214 mori-

398 1244 493 1280 tur.
566 1231 644 1279 Ex
664 1229 796 1278 meris
818 1227 937 1277 falfis
961 1229 1259 1286 ratiocinatur,
1294 1228 1376 1294 qui
1399 1229 1545 1278 credit
1568 1228 1700 1294 quod
1721 1229 1879 1278 omnia
1902 1229 1986 1278 fint
2010 1229 2271 1292 prudentiae
2293 1247 2402 1296 pro·

405 1299 522 1363 priae
544 1313 595 1346 ac
617 1295 830 1353 fortunae,
866 1310 958 1342 non
981 1306 1135 1344 autern
1160 1295 1475 1343 Providentiae
1496 1296 1706 1354 Divinae,
1747 1296 1829 1343 nisi
1854 1312 1961 1360 quae
1982 1297 2259 1346 universalis,
2332 1300 2402 1348 Ut

405 1366 458 1413 ὅτ
475 1366 554 1430 qui
567 1363 727 1420 credit,
761 1361 887 1426 quod
908 1362 1099 1424 Religio
1113 1377 1206 1410 non
1223 1362 1347 1410 aliud
1360 1362 1434 1419 fit,
1459 1378 1600 1426 quam
1618 1375 1668 1411 ut
1685 1362 1909 1427 simplices
1926 1374 2164 1411 teneantur
2176 1364 2224 1411 in
2242 1363 2405 1413 vincu-

402 1432 476 1481 lis,
547 1429 780 1495 Imprimis
791 1445 849 1477 ex
873 1427 1148 1478 merissfalfis
1170 1428 1507 1484 ratiocinantur,
1542 1430 1621 1491 qui
1642 1429 1835 1476 credunt
1857 1428 1987 1493 quod
2002 1429 2208 1477 Verbum
2232 1446 2325 1479 non
2346 1432 2413 1480 slt*

405 1497 651 1546 Divinum.
722 1496 775 1545 In
796 1495 996 1553 summa,
1030 1510 1191 1544 omnes
1208 1495 1276 1544 illi
1292 1510 1351 1543 ex
1369 1494 1506 1542 meris
1525 1494 1644 1544 fallis
1665 1495 2003 1552 ratiocinantur,
2037 1495 2121 1560 qui
2138 1512 2245 1545 vera
2262 1498 2402 1547 Divi-

405 1580 464 1614 na
481 1564 658 1630 prorsus
683 1573 870 1626 negant.

470 1647 614 1695 7353.
653 1629 719 1677 Et
735 1627 1041 1678 ascendent&
1063 1627 1252 1676 venient
1275 1627 1321 1675 in
1345 1628 1542 1677 domurn
1566 1641 1709 1686 tuam,
1746 1629 1795 1676 &
1819 1629 1867 1675 in
1889 1628 2107 1677 conclave
2129 1629 2290 1678 cubilis
2314 1631 2400 1689 tui,

397 1698 531 1763 quod
552 1696 772 1761 significet
787 1695 917 1759 quod
935 1695 1196 1760 implebunt
1210 1707 1416 1743 mentem
1438 1696 1490 1744 δε
1510 1695 1654 1761 usque
1677 1695 1736 1743 ad
1762 1694 1970 1743 interiora
1993 1694 2109 1760 ejus,
2144 1696 2319 1745 constat
2340 1715 2399 1747 ex

395 1763 733 1828 'fignificatione
751 1762 938 1820 domus,
974 1761 1102 1827 quod
1124 1761 1176 1809 fit
1195 1777 1325 1809 mens
1348 1762 1567 1819 hominis,
1601 1762 1660 1809 de
1676 1777 1767 1827 qua
1791 1778 1849 1809 n:
1882 1765 2028 1826 3538.
2054 1778 2203 1828 4973.
2229 1779 2324 1828 502
2332 1781 2358 1827 3
2382 1785 2398 1819 3

399 1832 455 1880 ὅτ
476 1847 534 1879 ex
555 1828 884 1895 significatione
906 1828 1136 1876 conclavis
1157 1827 1336 1886 cubilis,
1388 1829 1516 1894 quod
1542 1829 1629 1877 fint
1652 1828 1866 1877 interiora
1889 1829 2056 1877 mentis
2077 1851 2092 1885 3
2138 1831 2266 1895 quod
2291 1846 2402 1879 con-

394 1898 547 1946 clavia
568 1897 728 1946 cubilis
752 1895 838 1944 fint
861 1896 1075 1943 interiora
1097 1896 1280 1953 mentis,
1331 1894 1395 1942 est
1412 1895 1517 1959 quia
1541 1895 1725 1943 interius
1749 1895 1797 1942 in
1820 1895 1966 1944 domo
1990 1896 2107 1946 sunt.
2179 1897 2267 1944 Per
2287 1913 2400 1948 con-

397 1964 542 2012 clavia
557 1963 865 2028 significantur
882 1962 1108 2019 interiora,
1144 1963 1195 2010 δι
1214 1978 1294 2026 per
1314 1962 1550 2010 conclavia
1566 1962 1727 2011 cubilis
1742 1961 1890 2010 adhuc
1906 1963 2134 2020 interiora,
2172 1963 2219 2010 in
2238 1963 2309 2012 his
2331 1966 2400 2014 lo·

393 2027 493 2086 cis3
526 2029 648 2096 apud
670 2029 852 2077 Esaiam
888 2037 922 2060 “
935 2029 1032 2077 Abi
1057 2029 1246 2093 popule,
1280 2031 1400 2077 intra
1421 2031 1467 2076 in
1482 2031 1701 2079 conclavia
1717 2038 1814 2085 tua,
1848 2030 1901 2077 &
1916 2029 2074 2077 claude
2082 2028 2273 2093 januam
2289 2031 2396 2094 post

395 2109 463 2154 te,
497 2097 678 2146 occulta
699 2107 743 2144 te
761 2095 871 2144 ficut
887 2111 1049 2160 parum
1074 2094 1319 2151 momenti,
1353 2095 1494 2159 usque
1512 2095 1626 2143 dum
1646 2095 1834 2143 transeat
1851 2094 1916 2143 ira
1932 2094 1965 2119 '’
2001 2111 2145 2144 xxv1:
2172 2111 2249 2145 20.
2326 2101 2396 2148 A·

399 2163 499 2228 pud
519 2162 810 2212 Ezechielem
845 2169 880 2192 “
905 2160 1038 2210 Dixit
1058 2162 1116 2209 ad
1137 2177 1229 2219 me,
1264 2176 1378 2208 num
1402 2159 1573 2218 vidisti,
1611 2161 1676 2210 fili
1702 2160 1921 2218 hominis,
1955 2179 2066 2228 quae
2088 2161 2280 2211 seniores
2304 2165 2394 2213 fili-

396 2245 536 2279 orum
550 2228 718 2276 Israelis
732 2227 902 2275 faciunt
915 2226 962 2274 in
979 2227 1189 2284 tenebris,
1220 2227 1412 2292 quisque
1425 2228 1471 2275 in
1487 2227 1759 2276 conclavibus
1776 2229 1977 2291 imaginis
1987 2227 2115 2293 μεθ’
2150 2244 2248 2277 vm
2266 2247 2279 2278 ε
2310 2249 2328 2280 1
2343 2246 2391 2279 2.-

398 2295 549 2360 Apud
566 2291 789 2342 Moschen
833 2302 867 2324 “
892 2292 1022 2341 Foris
1054 2293 1234 2342 orbabit
1263 2294 1461 2356 gladius,
1509 2294 1560 2342 δε
1597 2310 1648 2342 ex
1682 2294 1955 2343 conclavibus
1990 2294 2184 2344 terror''
2237 2297 2389 2346 Dent:

396 2379 569 2412 xxxn:
598 2376 623 2409 2
631 2379 676 2422 5.
745 2360 795 2411 In
822 2359 969 2408 Libro
989 2375 1033 2407 11
1057 2360 1249 2424 Regum
1288 2368 1318 2391 “
1338 2359 1520 2408 Elischa
1543 2361 1788 2426 propheta,
1823 2363 1906 2447 qui
1930 2362 1976 2409 in
2001 2361 2178 2420 Israele,
2215 2362 2387 2413 indicat

395 2432 492 2494 regi
525 2427 697 2477 Israelis
727 2427 881 2483 verba,
930 2442 1024 2491 quae
1054 2428 1237 2491 loqueris
1272 2429 1317 2475 in
1338 2427 1550 2477 Conclavi
1583 2428 1732 2477 cubilis
1754 2430 1821 2476 tui
1859 2430 1875 2452 ’
1927 2444 2005 2478 vr:
2039 2445 2115 2479 12.
2184 2430 2384 2495 Antiqui

390 2505 778 2560 comparaverunt
796 2505 999 2542 mentem
1023 2492 1225 2542 hominis
1247 2493 1424 2550 domui,
1449 2495 1595 2543 &illa
1611 2510 1718 2560 quae
1739 2496 1862 2542 intus
1879 2495 1926 2543 in
1945 2495 2134 2543 homine
2156 2497 2389 2544 conclavi-

394 2565 510 2619 bus3
546 2562 687 2610 Mens
709 2561 907 2609 humana
929 2575 1119 2624 quoque
1135 2559 1235 2610 talis
1255 2560 1337 2616 est,
1373 2577 1481 2609 nam
1504 2577 1590 2620 res,
1625 2577 1732 2626 quae
1757 2561 1839 2617 ibi,
1874 2562 2100 2611 distinctae
2117 2561 2220 2609 sunt
2239 2563 2318 2612 vix
2336 2580 2383 2611 a·

391 2630 496 2680 liter
517 2645 660 2693 quam
685 2627 797 2676 ficut
819 2627 985 2675 domus
1007 2626 1054 2673 in
1078 2626 1154 2675 sua
1176 2626 1406 2676 conclavia
1426 2649 1441 2682 3
1476 2644 1586 2692 quae
1605 2628 1649 2675 in
1675 2628 1833 2676 medio
1856 2627 1960 2677 sunt
1984 2629 2046 2676 ibi
2071 2628 2237 2676 intima
2261 2630 2380 2688 sunt,

385 2713 500 2761 -quae
517 2695 573 2743 ad
595 2696 725 2744 latera
749 2694 812 2741 ibi
835 2694 1054 2742 exteriora
1077 2693 1196 2751 sunt,
1234 2693 1335 2741 haec
1355 2695 1731 2760 comparabantur
1744 2694 1885 2754 atriis,
1920 2697 1972 2744 ὅτ
1994 2711 2101 2760 quae
2122 2708 2248 2744 extra
2268 2712 2380 2745 cum

393 2762 680 2814 interioribus
694 2761 1001 2816 cohaerebant,
1036 2760 1301 2824 porticibus.
1512 2773 1522 2798 ε

317 2879 322 2883 ,
464 2845 607 2894 7354.
645 2828 710 2876 Et
724 2826 1044 2890 superlectum
1065 2839 1218 2886 tuum,
1253 2827 1381 2892 quod
1398 2827 1620 2890 significet
1636 2827 1695 2875 ad
1714 2827 1893 2886 intima,
1929 2826 2106 2875 constat
2124 2843 2183 2876 ex
2206 2828 2379 2892 fignifi-

386 2898 572 2946 mtione
606 2894 727 2950 lecti,
775 2893 904 2958 quod
929 2892 980 2941 fit
1003 2893 1252 2949 intimum3
1295 2909 1405 2943 cum
1428 2895 1554 2942 enim
1577 2894 1807 2943 conclavia
1827 2894 1989 2944 cubilis
2018 2894 2118 2942 sunt
2146 2895 2375 2954 interiora,

390 2962 542 3011 cubile
568 2961 640 3009 seu
662 2960 821 3016 lec'tus,
856 2959 937 3024 qui
964 2959 1094 3016 inibi,
1128 2959 1192 3007 est
1210 2960 1446 3010 intimum.
1551 3021 1559 3023 ξ

460 3042 608 3092 7355.
642 3025 708 3075 Et
729 3026 776 3073 in
799 3027 994 3074 domum
1018 3025 1252 3075 servorum
1274 3038 1460 3075 tuorum
1484 3027 1534 3075 δε
1558 3026 1719 3091 populi
1742 3027 1829 3085 tui,
1874 3027 2002 3092 quod
2027 3027 2249 3090 significet
2268 3044 2375 3077 om-

388 3094 468 3144 nia
483 3109 591 3160 quae
608 3092 653 3140 in
668 3094 870 3148 naturali,
903 3092 1078 3141 constat
1095 3108 1151 3140 ex
1170 3092 1498 3155 significatione
1510 3094 1692 3151 domus,
1709 3094 1836 3159 quod
1857 3094 1909 3141 sit
1926 3111 2056 3142 mens
2070 3095 2285 3152 hominiS,
2321 3097 2374 3144 ὅτ

389 3162 502 3228 quia
541 3157 810 3224 praedicatur
843 3159 900 3205 de
924 3159 1182 3222 AEgyptiiS,
1233 3161 1284 3209 δε
1306 3161 1364 3208 de
1388 3160 1523 3208 servis
1547 3160 1807 3218 Pharaonis,
1857 3161 1923 3209 est
1963 3176 2090 3208 mens
2125 3162 2337 3209 naturalis
2357 3184 2374 3217 3

389 3227 519 3294 quod
553 3226 723 3273 domus
757 3225 813 3271 fit
850 3240 991 3281 mens,
1040 3225 1248 3275 videatur
1284 3243 1397 3275 mox
1437 3229 1566 3291 supra
1590 3243 1651 3274 n:
1679 3242 1845 3291 73533
1897 3229 1948 3275 &
1968 3243 2024 3274 ex
2047 3227 2381 3288 significatione

390 3297 627 3346 servorum
664 3292 714 3340 &
750 3291 912 3356 populi
953 3292 1214 3352 Pharaonis,
1266 3294 1393 3407 qufd
1417 3294 1504 3343 fint
1525 3296 1682 3343 omnia
1709 3310 1820 3359 quae
1843 3295 1890 3343 in
1914 3294 2136 3350 naturali3
2182 3310 2292 3361 quae
2317 3296 2382 3344 ibi

1374 3360 1388 3406 i
1425 3375 1452 3408 2
2246 3367 2383 3411 mier-
