2912 3770
509 86 906 217 CAPUT
958 138 1553 211 DECIMUM
1603 135 2258 227 QUARTUM.
2318 162 2451 232 513

392 292 395 294 ’
451 276 628 344 aliquid
650 274 807 340 copiae
829 274 979 332 datur,
1015 270 1219 337 erumpit
1235 269 1342 318 inde
1356 268 1578 325 effeetus3
1603 271 1678 319 sed
1699 269 1774 319 illa
1794 270 1965 335 sphaera
1984 271 2213 321 inhibetur
2230 291 2257 322 a
2277 274 2450 338 sphaera

447 357 701 393 conatuum
720 341 831 390 coeli
863 358 973 408 quae
1007 356 1033 388 a
1055 338 1287 396 Domino,
1343 352 1453 401 quae
1476 335 1539 384 est
1564 336 1891 395 benefaciendi,
1925 339 2020 395 cui,
2065 339 2177 403 quia
2196 354 2225 388 a
2249 342 2452 399 DivinO,

450 409 565 459 inest
587 410 740 459 omnis
762 409 987 473 potentia.
1059 405 1222 470 Usque
1247 417 1398 452 tamen
1426 404 1544 452 inter
1566 417 1754 453 conatus
1778 404 1879 452 illos
1905 404 1982 453 [ibi
2004 421 2028 452 e
2051 406 2274 455 diametro
2295 423 2444 472 oppo-

455 477 563 526 fitos
586 488 762 528 tenetur
785 474 1117 540 aequilibrium‚
1167 472 1231 518 ob
1251 470 1428 519 caul‘am
1453 484 1504 518 ut
1529 471 1675 519 homo
1698 473 1745 520 in
1770 467 1915 519 libero
1937 471 2010 528 fit,
2040 471 2097 533 ὃς
2117 473 2173 521 fic
2193 473 2238 520 in
2261 473 2446 522 eleffio·

446 559 520 601 ne,
556 557 702 610 utque
722 540 961 590 reformari
985 551 1143 605 queat,
1179 553 1288 588 nam
1313 536 1360 583 in
1383 537 1530 590 libero
1551 539 1703 585 omnis
1727 538 2008 596 reformatio,
2045 539 2095 587 &
2113 539 2280 604 absque
2298 541 2444 589 libero

442 611 585 660 nulla.
658 610 863 669 Conatus
889 604 1130 673 spiritualis
1154 603 1218 651 est
1243 602 1367 651 idern
1392 618 1444 651 ac
1466 603 1677 650 voluntas
1698 625 1712 658 3
1752 619 1861 652 cum
1886 603 2154 655 reformatur
2178 606 2341 664 homo,
2379 619 2443 654 te-

444 690 577 725 netur
600 675 676 724 ille
700 677 747 722 in
772 672 1052 738 aequilibrio,
1088 671 1176 720 hoc
1193 668 1274 725 est,
1310 669 1356 717 in
1376 668 1536 726 libero,
1572 669 1689 718 inter
1707 672 1824 718 velle
1841 672 2014 720 bonum
2034 672 2083 720 ὅτ
2103 672 2221 720 velle
2239 673 2438 730 malum,

442 743 493 791 &
517 755 742 808 quantum
764 753 876 788 tunc
899 739 1073 794 accedit
1094 737 1151 784 ad
1170 737 1291 784 velle
1317 735 1511 793 bonum,
1547 748 1723 785 tantum
1747 737 1920 786 accedit
1937 739 1994 786 ad
2019 739 2216 796 coelum,
2250 740 2438 788 &trece-

442 809 513 859 dit
528 811 588 857 ab
609 807 788 856 inferno
809 827 824 862 3
858 807 908 856 δε
931 819 1107 854 tantum
1127 819 1303 851 novum
1322 802 1655 860 voluntarium,
1690 804 1815 868 quod
1836 817 1942 852 tunc
1964 806 2133 868 accipit
2155 822 2179 852 a
2203 806 2436 863 Domino,

441 874 659 939 praevalct
681 886 834 922 contra
878 873 1120 937 proprium
1161 869 1490 926 voluntarium,
1525 870 1653 934 quod
1674 873 1847 936 accepit
1869 887 1949 934 per
1971 871 2286 921 haereditatem
2309 889 2334 920 a
2358 888 2440 938 pa-

438 943 641 991 rentibus
665 942 715 989 &
737 940 843 988 dein
869 955 951 1004 per
971 937 1198 986 aetualem
1224 937 1369 984 vitam
1393 956 1410 990 3
1462 952 1569 984 cum
1596 938 1751 1000 itaque
1789 938 1933 986 homo
1957 951 2136 986 tantum
2161 938 2438 987 reformatus

438 1007 521 1066 est,
557 1020 613 1057 ut
635 1007 750 1055 velit
767 1008 962 1063 bonum,
996 1006 1047 1054 δε
1086 1002 1305 1051 afficiatur
1347 1003 1444 1061 illo,
1483 1015 1591 1050 tunc
1632 1003 1805 1053 bonum
1849 1018 2059 1052 removet
2097 1006 2288 1063 malum,
2325 1005 2438 1071 quia

440 1074 677 1124 Dominus
699 1076 747 1122 in
767 1074 892 1122 bono
913 1072 977 1121 est
1000 1071 1215 1135 praesens,
1252 1067 1317 1116 est
1334 1070 1460 1116 enim
1485 1069 1663 1117 bonum
1687 1086 1712 1117 a
1732 1071 1958 1127 Domino,
1995 1071 2055 1119 ita
2071 1071 2132 1119 est
2154 1073 2316 1136 Ipsius,
2338 1075 2437 1121 imo

438 1141 501 1189 est
525 1141 654 1205 Ipse(
714 1140 791 1188 Ex
815 1140 885 1188 his
906 1138 1109 1187 constare
1145 1134 1314 1201 potest,
1362 1135 1603 1198 quomodo
1625 1135 1668 1183 se
1690 1136 1825 1186 habet
1846 1153 1956 1186 cum
1978 1151 2144 1187 conatu
2170 1139 2434 1187 influxuum

437 1209 563 1273 apud
590 1206 850 1256 hominem.
978 1240 985 1245 ,

507 1277 650 1324 8210.
690 1276 869 1324 Omnes
893 1271 1003 1335 equi
1026 1268 1290 1327 Pharaonis,
1326 1282 1483 1317 currus
1508 1268 1647 1326 illius,
1684 1271 1733 1318 &
1757 1270 1930 1336 equites
1953 1271 2090 1327 illius,
2139 1271 2432 1320 in‘medium

437 1342 590 1398 mariS,
626 1340 753 1406 quod
771 1338 995 1403 significet
1011 1336 1252 1385 scientifica
1274 1352 1330 1384 ex
1354 1334 1646 1384 intellediuali
1672 1336 1899 1400 perverso,
1933 1338 2204 1386 doelrinalia
2228 1339 2341 1395 falfi,
2378 1341 2434 1387 δε

433 1408 667 1456 ratiocinia
687 1442 702 1464 ,
750 1405 879 1471 quod
913 1403 1167 1468 implerent
1186 1435 1191 1443 ι
1207 1401 1439 1450 infernum
1460 1437 1476 1460 ,
1528 1403 1703 1451 constat
1742 1419 1800 1451 ex
1842 1403 2164 1468 significatione
2201 1419 2431 1469 equorum

436 1475 705 1531 Pharaonis,
742 1472 869 1537 quod
893 1471 979 1520 fint
1004 1470 1247 1519 scientifica
1281 1484 1340 1516 ex
1379 1469 1668 1518 intelleEluali
1704 1472 1947 1535 perverso3
2003 1487 2060 1518 ex
2101 1471 2435 1534 significatione

429 1556 650 1590 <curruum
694 1539 956 1594 Pharaonis,
992 1537 1122 1601 quod
1166 1537 1252 1585 fint
1289 1534 1556 1583 doctrinalia
1595 1535 1706 1593 falli,
1754 1537 1804 1584 δε
1837 1551 1895 1585 ex
1937 1537 2262 1601 significatione
2301 1540 2430 1604 equi-

432 1611 533 1658 tum
582 1598 848 1663 Pharaonis,
901 1606 1030 1668 quod
1068 1604 1156 1652 fint
1194 1601 1426 1650 ratiocinia
1462 1601 1584 1658 inde,
1637 1603 1695 1650 de
1740 1604 1910 1668 quibus
1944 1607 2162 1654 omnibus
2202 1607 2334 1670 supra
2365 1622 2391 1653 n
2417 1621 2433 1653 τ

436 1675 584 1736 8146.
626 1675 753 1734 8148
779 1693 794 1727 ;
845 1672 896 1720 δε
935 1687 994 1718 ex
1028 1669 1357 1734 significatione
1392 1669 1439 1716 in
1487 1669 1696 1718 medium
1746 1670 1881 1718 maris
1901 1706 1916 1728 ‚
1969 1672 2099 1734 quod
2140 1672 2193 1720 fit
2237 1671 2435 1736 implere

434 1739 676 1790 infernum.
746 1737 892 1802 Quod
912 1737 986 1786 hic
1004 1752 1127 1785 nunc
1149 1735 1332 1792 iterum,
1369 1748 1677 1784 memorentur
1701 1737 1799 1784 haec
1824 1738 1925 1793 tria,
1961 1753 2069 1802 quae
2097 1737 2279 1787 fuerunt
2301 1754 2428 1788 exer-

429 1807 545 1858 citus
568 1806 838 1863 Pharaonis,
875 1819 1045 1869 nempe
1063 1805 1191 1868 equi,
1225 1817 1400 1860 curruS,
1434 1803 1485 1851 ὅτ
1504 1802 1696 1867 equiteS,
1732 1803 1796 1852 est
1818 1803 1928 1867 quia
1952 1820 2072 1852 nunc
2095 1805 2218 1854 adest
2238 1805 2428 1854 ultimus

433 1874 570 1922 status
588 1870 908 1922 devastationis
931 1870 1118 1918 illorum
1142 1868 1222 1934 qui
1247 1869 1304 1916 ab
1322 1869 1521 1918 Ecclefia
1545 1869 1729 1918 fuerunt
1754 1871 1798 1917 in
1824 1871 1916 1918 fide
1941 1870 2137 1935 separata
2157 1889 2184 1920 a
2207 1873 2430 1920 charitate

431 1941 482 1989 &
509 1941 554 1988 in
576 1942 671 1988 vita
689 1939 822 1996 mali,
857 1936 940 2002 qui
962 1937 1098 1985 status
1120 1937 1183 1984 est
1207 1935 1344 1984 status
1366 1935 1660 1997 conjectionis
1683 1936 1729 1983 in
1753 1936 1985 1985 infernum
2007 1960 2021 1994 3
2058 1940 2107 1987 δε
2129 1938 2351 2003 conjeetio
2376 1939 2424 1987 in

430 2005 679 2062 infernum,
712 2003 777 2052 est
794 2002 1067 2069 constipatio
1086 2019 1110 2050 a
1131 2001 1248 2051 fallis
1272 2018 1296 2048 e
1317 2003 1438 2050 malo
1458 2022 1472 2057 3
1507 2018 1612 2050 cum
1632 2003 1758 2050 enirn
1779 2004 1886 2051 mali
1904 2005 2122 2053 devastati
2143 2005 2243 2054 sunt
2265 2007 2425 2070 quoad

429 2088 567 2122 omne
587 2087 749 2120 verum
773 2071 822 2120 ὅτ.
846 2071 1037 2125 bonum,
1072 2085 1122 2117 ac
1146 2067 1289 2116 reliffi
1309 2068 1398 2116 suae
1418 2069 1526 2118 vitae
1550 2069 1674 2117 malo
1698 2071 1748 2118 &
1784 2070 1890 2118 inde
1914 2071 2043 2130 fals0‚
2079 2085 2190 2120 tunc
2207 2074 2421 2135 aperiun-

429 2151 505 2187 tur
523 2137 710 2194 inferna,
745 2151 852 2186 cum
878 2135 1046 2201 quibus
1061 2151 1140 2199 per
1164 2135 1280 2183 mala
1304 2134 1414 2182 vitae
1433 2134 1525 2184 suae
1547 2137 2016 2194 communicaverant,
2054 2139 2157 2186 inde
2177 2139 2351 2187 irruunt
2372 2140 2421 2188 in

430 2205 531 2254 illos
556 2206 711 2252 omnia
736 2203 810 2252 illa
831 2206 961 2260 mala,
997 2218 1105 2267 quae
1130 2202 1210 2249 fibi
1226 2202 1656 2265 appropriaverunt,
1692 2201 1797 2251 falsa
1814 2219 1923 2268 quae
1941 2221 1999 2253 ex
2019 2206 2146 2252 malis
2165 2205 2416 2263 exundant,

427 2271 709 2320 constituunt
729 2285 838 2318 tunc
866 2270 1086 2333 sphaeram
1106 2269 1274 2316 circum
1295 2267 1412 2326 illos,
1450 2285 1560 2334 quae
1581 2269 1751 2333 lphaera
1768 2285 1956 2335 apparet
1974 2272 2083 2319 ficut
2100 2272 2234 2320 densa
2253 2273 2415 2330 nubes,

428 2338 503 2386 vel
528 2337 638 2385 ficut
661 2354 772 2401 aqua
795 2358 808 2391 3
859 2353 966 2384 cum
994 2336 1079 2382 hoc
1113 2334 1283 2383 factum
1308 2334 1389 2390 est,
1428 2351 1533 2393 tunc
1556 2337 1602 2383 in
1640 2336 1819 2384 inferno
1844 2337 1961 2395 sunt,
1998 2353 2103 2386 nam
2130 2351 2237 2386 tunc
2263 2339 2415 2397 seclufi

427 2406 528 2452 sunt
552 2405 609 2452 ab
626 2404 754 2451 omni
773 2402 1190 2451 communicatione
1212 2417 1319 2451 curn
1340 2402 1479 2459 coelo,
1517 2403 1566 2450 δε
1590 2418 1778 2468 quoque
1804 2416 1913 2452 tunc
1935 2406 2117 2468 separati
2144 2406 2201 2453 ab
2225 2404 2412 2453 infernis

423 2471 521 2518 aliis
542 2490 558 2523 3
594 2471 682 2517 hoc
705 2469 870 2524 dicitur
887 2467 1112 2533 conjectio
1136 2468 1182 2516 in
1207 2466 1465 2515 infernum:
1506 2469 1605 2518 baec
1627 2469 1757 2518 causa
1774 2471 1857 2527 cst,
1893 2471 2018 2535 quod
2039 2488 2176 2527 nunc,
2213 2488 2322 2523 eum
2344 2474 2412 2519 in·

422 2550 591 2586 trarent
611 2537 655 2584 in
675 2536 883 2583 medium
901 2535 1051 2591 maris,
1089 2547 1403 2582 memorentur
1421 2536 1546 2599 equi,
1580 2551 1756 2592 currus,
1792 2537 2048 2601 &equites,
2087 2554 2209 2595 nam,
2245 2552 2296 2586 ut
2311 2539 2410 2587 dic-

420 2617 523 2651 tum
546 2603 626 2660 est,
664 2618 786 2650 mare
809 2601 934 2664 Suph
960 2601 1179 2663 signifieat
1204 2600 1453 2658 infernum,
1491 2617 1542 2648 ac
1565 2603 1688 2665 equi,
1724 2618 1877 2651 currus
1911 2605 1960 2652 δε
1999 2605 2196 2668 equites,
2248 2607 2412 2654 omnia

420 2669 526 2717 falsa
550 2671 600 2718 δε
622 2668 781 2716 omnia
803 2666 898 2716 falfi
938 2682 995 2716 ex
1034 2667 1174 2722 malo,
1210 2683 1319 2731 quae
1359 2683 1479 2715 nune
1523 2668 1566 2714 in
1611 2670 1710 2716 illos
1752 2669 1948 2717 immissa
1989 2670 2110 2728 sunt,
2148 2685 2197 2718 ut
2233 2670 2290 2719 fic
2324 2689 2408 2736 pet·

422 2752 560 2784 omne
594 2737 727 2801 quale
768 2734 863 2782 falfi
900 2750 958 2782 ex
1005 2733 1130 2782 malo
1170 2749 1195 2779 a
1240 2734 1422 2797 reliquis
1462 2733 1642 2784 infernis
1684 2736 1940 2798 separentur
1961 2757 1974 2791 3
2031 2738 2132 2785 haec
2173 2740 2296 2794 lunt,
2344 2740 2407 2785 de

422 2803 590 2866 quibus
636 2803 682 2851 in
718 2800 931 2849 Versibus
971 2815 1092 2848 nunc
1136 2799 1428 2864 sequentibus
1477 2816 1554 2862 24.
1606 2819 1683 2863 25.
1733 2803 1794 2849 26
1814 2839 1825 2851 .
1876 2819 1953 2869 27.
2005 2807 2063 2852 28
2086 2839 2100 2860 ‚
2164 2803 2211 2851 in
2258 2805 2407 2869 specie

421 2884 444 2914 a
487 2883 588 2916 itur.
992 2900 1000 2912 .

449 2886 739 2983 g8211.'Et
762 2932 850 2982 fuit
877 2932 921 2980 in
946 2931 1155 3001 custodial
1172 2931 1413 2987 matutina,
1452 2933 1573 2997 quod
1601 2933 1822 2997 significet
1847 2934 2012 2982 statum
2037 2936 2240 2998 caliginis
2265 2939 2315 2985 &
2339 2938 2406 2985 in-

419 3001 574 3049 teritus
598 2998 789 3047 illorum·
801 3001 884 3064 qui
904 3001 948 3047 in
975 2998 1082 3046 falso
1106 3015 1163 3048 ex
1183 3000 1322 3056 malo,
1359 3000 1410 3047 δε
1435 3000 1597 3048 statum
1625 3000 1932 3048 illustrationis
1956 3004 2005 3050 δε
2032 3003 2283 3051 salvationis
2308 3006 2404 3052 illo·

417 3082 519 3114 turn
544 3064 626 3130 qui
652 3065 698 3112 in
723 3081 832 3121 vero
853 3081 912 3113 ex
935 3068 1075 3122 bone,
1111 3066 1284 3114 constat
1307 3080 1366 3112 ex
1390 3066 1716 3128 fignificatione
1740 3067 1962 3115 custodiae
1983 3071 2245 3126 matutinae,
2273 3071 2400 3133 quod

420 3133 473 3180 fit
493 3132 628 3179 status
646 3130 954 3179 illustrationis
976 3134 1026 3181 δε
1050 3132 1320 3188 salvationis,
1357 3133 1407 3180 δε
1432 3133 1478 3180 in
1496 3133 1711 3198 opposito
1737 3134 1861 3182 sensu
1882 3135 2015 3182 status
2037 3138 2243 3199 caliginis
2268 3139 2316 3183 δε
2337 3137 2404 3183 ἰη-

421 3197 577 3249 teritus
596 3219 612 3256 3
635 3197 762 3248 causa
779 3196 907 3266 quoti
923 3197 1130 3267 custodia
1147 3198 1373 3249 matutina
1380 3199 1434 3314 'qu
1458 3199 1699 3262 fignificet‚
1725 3200 1788 3250 est
1805 3203 1912 3267 quia
1929 3202 2073 3252 status
2084 3204 2258 3251 fidei&
2278 3219 2407 3251 amo-

958 3293 990 3306 κ
1206 3298 1210 3305 =
1456 3278 1475 3315 t
1512 3279 1532 3314 t
2207 3305 2210 3308 -
2350 3271 2418 3319 εὶς
