2912 3770
515 342 567 389 &
589 338 714 405 quod
739 354 819 404 per
842 338 912 388 illa
929 339 1065 387 verba
1090 339 1364 402 intelligatur
1385 339 1509 404 quod
1533 339 1588 389 fit
1609 335 1724 388 solus
1742 336 1890 398 Deus,
1927 357 1982 390 n:
2002 356 2145 406 7401.
2173 328 2318 407 7444.
2340 349 2492 411 7544ss

521 421 726 537 753637.
764 473 827 519 Et
850 473 974 519 venit
998 470 1222 519 Moscheh
1246 472 1296 519 &
1317 471 1514 519 Aharon
1533 472 1587 520 ad
1608 472 1907 529 Pharaonem,
1943 473 2069 538 quod
2112 474 2337 537 significet.
2367 495 2487 543 prae.

514 539 701 587 sentiam
726 539 834 586 Veri
862 537 1041 594 Divini‚
1077 537 1247 585 constat
1269 537 1670 601 exfignificatione
1688 541 1840 587 venire
1860 539 1931 587 seu
1949 540 2126 595 intrare,
2151 542 2276 604 quod
2294 542 2350 590 fit
2367 562 2486 608 prae.

512 605 664 661 sentia,
691 617 744 652 ut
766 604 898 668 supra
918 619 970 650 n:
994 604 1149 667 7631;
1182 604 1232 650 &
1255 619 1314 650 ex
1344 605 1736 666 repraesentatione
1763 605 1965 653 Moschis
2001 607 2052 653 ὅτ
2078 606 2324 665 Aharonis,
2360 612 2486 673 quod

510 672 598 718 sint
629 673 803 719 Verum
835 670 1085 728 Divinum,
1122 669 1347 718 Moscheh
1381 671 1652 727 Internum;
1689 671 1880 720 Aharon
1907 672 2180 730 Externum,
2216 674 2273 721 de
2297 691 2390 739 qua
2427 693 2485 725 ne

544 741 607 787 08
649 774 658 783 .
753 740 829 785 82.
1462 767 1467 771 ι

514 752 540 800 7
578 753 740 866 7235?
760 802 822 850 Et
844 802 1060 850 dixerunt
1078 802 1135 849 ad
1158 801 1309 860 illurn,
1343 802 1468 867 quod
1501 802 1724 866 significet
1761 804 2184 869 apperceptionem,
2219 806 2393 854 constat
2430 821 2506 857 ex·

507 868 834 932 significatione
857 869 1020 925 dicere,
1057 869 1185 933 quod
1217 868 1272 915 fit
1301 868 1611 933 appercipere,
1646 870 1704 916 de
1741 885 1833 932 qua
1858 886 1916 916 n:
1963 885 2105 935 1791.
2155 877 2295 937 1875.
2342 876 2484 935 1819.

507 939 650 983 1822.
682 938 820 999 1898.
855 950 993 998 1919.
1022 938 1165 983 2080.
1193 935 1335 998 2619.
1363 935 1506 983 2862.
1534 950 1677 999 3395.
1706 951 1850 999 3509.
1878 950 2022 1000 5743.
2052 939 2212 1002 5877;
2247 939 2368 1003 quod
2391 941 2484 987 Di-

501 999 657 1050 xer'unt
682 1002 754 1048 hic
779 1002 832 1049 s1t
854 1001 1161 1065 appercipere,
1198 1000 1263 1048 est
1284 1002 1389 1063 quia
1432 1016 1512 1066 per
1534 1001 1757 1053 Moschen
1798 1003 1849 1049 ὅτ,
1882 1001 2153 1051 Aharonem
2191 1006 2484 1068 repraesenta—

501 1081 575 1117 tur
597 1068 768 1115 Verum
795 1067 1041 1124 Divinum,
1076 1068 1124 1115 δε
1149 1082 1228 1130 per
1250 1066 1404 1115 venire
1443 1067 1688 1131 praesentia.
1746 1066 1885 1125 illius,
1922 1068 1971 1116 ὅτ,
2011 1084 2072 1116 ex
2109 1069 2343 1131 praesentia
2366 1072 2480 1121 Veri
2532 1129 2533 1133 Ἰ

500 1134 663 1181 Divini
689 1134 752 1181 est
775 1134 1081 1199 apperceptio.

572 1200 713 1264 7639.
751 1200 818 1247 Ita
840 1199 956 1247 dixit
993 1198 1202 1262 Jehovah
1225 1201 1352 1248 Deus
1371 1199 1699 1256 Hebraeorum,
1736 1201 1871 1266 quod·
1901 1201 2120 1267 significet
2151 1201 2416 1252 mandatum
2455 1219 2490 1252 a·

500 1266 727 1322 Domino,
765 1267 846 1329 qui
873 1267 998 1313 Deus
1023 1265 1252 1322 Ecclefiae,
1287 1266 1461 1314 constat
1493 1282 1551 1314 ex
1574 1267 1902 1331 fignificatione
1944 1271 2109 1326 dicere,
2144 1285 2250 1317 cum
2289 1284 2313 1315 a
2337 1270 2482 1331 Jeho‘-

495 1334 585 1379 vah
608 1333 663 1378 ad
690 1332 789 1380 illos
812 1333 892 1396 qui
920 1330 1145 1390 infestant,
1171 1332 1297 1396 quod
1322 1333 1375 1379 fit
1399 1333 1684 1391 mandatum,
1707 1346 1758 1382 ut
1782 1334 1912 1398 supra
1929 1351 1958 1382 n
1981 1353 1992 1383 :
2016 1335 2145 1400 7630
2167 1356 2181 1389 ;
2205 1351 2231 1382 a
2257 1334 2479 1398 significa.-

494 1400 620 1446 tione
647 1398 974 1455 Hebraeorum,
1011 1400 1136 1462 quod
1163 1398 1247 1445 sint
1270 1399 1346 1462 qui
1373 1399 1429 1446 ab
1454 1398 1672 1456 Ecclesia,
1708 1400 1766 1447 de
1789 1417 1882 1465 qua
1905 1417 1962 1448 n:
1990 1401 2135 1464 5136.
2164 1402 2306 1464 6675.
2330 1400 2477 1462 6684.

496 1466 623 1528 6738
648 1486 662 1519 ς
698 1466 822 1529 quod
842 1465 1051 1528 Jehovah
1078 1466 1204 1512 Deus
1229 1464 1280 1512 s1t
1305 1466 1555 1522 DominuS,
1590 1466 1800 1514 videatur
1824 1467 1956 1531 supra
1976 1483 2052 1514 fn:
2082 1468 2226 1531 7636.

563 1532 706 1592 7640.
746 1532 998 1595 Quousque
1021 1531 1168 1578 renuis
1191 1530 1419 1579 humiliari
1447 1547 1599 1579 coram
1621 1532 1721 1588 Me,
1745 1534 1871 1597 quod
1890 1533 2115 1595 fignificat
2138 1549 2232 1581 non
2254 1532 2474 1582 obedien·

492 1597 623 1654 tiam,
661 1598 830 1646 constat
853 1613 907 1644 ex
932 1597 1257 1660 signification-e
1281 1612 1462 1644 renuere
1495 1597 1739 1655 humiliari,
1773 1599 1902 1661 quod
1928 1599 1980 1647 fit
2004 1615 2096 1647 non
2118 1599 2302 1648 obedire
2323 1620 2348 1654 ;.2
2375 1615 2477 1648 cau-

493 1663 537 1710 sa
552 1664 676 1726 quod
699 1664 745 1716 id
763 1663 1058 1727 significetur,
1083 1663 1147 1711 est
1164 1664 1272 1726 quia
1295 1663 1460 1711 dicitur
1483 1662 1539 1711 ad
1566 1663 1666 1712 illos
1688 1663 1770 1728 qui
1796 1665 1841 1712 in
1868 1664 1989 1712 malo
2013 1665 2128 1722 sunt,
2151 1666 2233 1728 qui
2257 1681 2349 1713 non
2375 1666 2475 1730 pos-

488 1729 594 1777 funt
618 1729 847 1777 humiliari
870 1745 1018 1776 coram
1040 1729 1239 1784 Divin03
1265 1728 1365 1779 sunt
1382 1730 1505 1776 enim
1531 1729 1629 1779 duo
1646 1746 1755 1794 quae
1790 1730 1942 1779 insunt
1957 1730 2277 1789 humiliationi,
2298 1732 2476 1796 agnitio

489 1796 555 1843 fui
582 1796 706 1859 quod
726 1811 815 1842 non
829 1796 891 1842 'fit
910 1796 1199 1852 nili-malum,
1236 1796 1286 1842 ὅτ
1307 1796 1435 1858 quod
1460 1794 1705 1859 respefitive
1727 1796 2039 1845 adlDivinum
2062 1798 2117 1845 fit
2138 1809 2190 1846 ut
2212 1798 2342 1855 nihil,
2371 1811 2471 1849 tum

488 1862 665 1924 agnitio
686 1861 853 1909 Divini
881 1861 1021 1926 quodx
1043 1876 1132 1908 non
1158 1861 1527 1917 fitnifi-Bonum,
1563 1861 1757 1926 &quod
1793 1861 2044 1920 infinitum,
2080 1864 2179 1912 haec
2223 1864 2472 1928 duo-apud

487 1928 630 1976 malos
655 1943 748 1975 non
773 1927 867 1975 dari
894 1929 1091 1991 possunt,
1125 1929 1232 1992 quia
1266 1929 1312 1975 in
1333 1943 1486 1976 amore
1509 1927 1576 1975 sui
1601 1927 1736 1983 sun-t;
1772 1927 1801 1975 fi
1823 1927 1864 1975 se
1884 1929 2128 1977 humiliant
2151 1929 2214 1978 est
2238 1930 2309 1976 vel
2332 1946 2388 1978 ex
2413 1932 2470 1977 ti-

486 2010 632 2050 more,
670 1995 741 2041 vel
767 2007 814 2042 ut
838 1994 1114 2041 honorentur
1135 2006 1210 2041 aut
1233 1993 1476 2051 lucrentur,
1514 1995 1575 2041 ita
1599 1994 1846 2042 humiliant
1871 1995 1914 2042 se
1938 1995 2084 2042 solum
2109 1996 2262 2060 quoad
2285 2011 2467 2059 corpus,

486 2060 536 2107 &
570 2059 684 2107 nihil
720 2060 878 2125 quoad·
896 2062 1119 2117 animum,
1154 2061 1238 2122 qui*
1261 2060 1535 2124 quandoque
1560 2071 1670 2107 tunc
1693 2059 1848 2107 irridet
1870 2080 1885 2115 ;
1921 2060 2016 2108 talis
2039 2061 2103 2108 est
2130 2060 2388 2108 humiliatio
2412 2062 2469 2109 ti-¹
2542 2091 2547 2105 ,

485 2127 663 2239 ῗέἓζὲῖὴ
680 2138 780 2239 ’ἰξὲἓ
798 2142 921 2239 3339
914 2127 1310 2241 {iirss‘ssc-”assi‘sssseffi
1309 2126 2085 2256 122333353‘2512}³q53‘¹33,¹⁶m2¹12
2093 2127 2486 2242 cssiaffmffssliissf

483 2259 604 2314 funt,
640 2257 703 2305 est
728 2258 771 2305 se
795 2257 942 2308 solum
967 2258 1128 2305 intueri
1153 2260 1202 2306 ὅτ,
1226 2258 1549 2319 magnifacere,
1586 2259 1636 2305 δε
1654 2271 1857 2307 avertem
1875 2259 2000 2317 ,seab
2022 2260 2235 2308 omnibus
2257 2259 2337 2323 qui
2374 2275 2465 2307 non

483 2323 668 2372 favent:
721 2325 825 2387 quia
863 2335 953 2371 non
994 2324 1125 2371 datur
1166 2324 1426 2371 humiliatio
1464 2324 1585 2387 apud
1612 2324 1774 2380 malm,
1810 2324 1915 2371 inde
1960 2326 2005 2371 in
2032 2326 2156 2374 sensu
2184 2327 2360 2373 interno
2385 2341 2464 2388 per

481 2390 712 2439 humiliari
749 2389 1024 2451 fignificatur
1058 2389 1334 2446 obedientia,
1369 2392 1434 2436 ita·
1454 2405 1534 2453 per
1569 2390 1719 2436 renuis
1738 2390 1974 2438 humiliari&
2002 2389 2094 2440 non
2124 2392 2396 2440 obedientia.

551 2459 694 2519 7641.
735 2457 934 2504 Dimitte
958 2457 1186 2520 populum
1211 2472 1365 2504 meum
1402 2457 1451 2503 &
1474 2456 1662 2503 serviant
1693 2456 1837 2512 Mihi,
1880 2457 2006 2520 quod
2047 2459 2266 2522 fignificet
2301 2469 2350 2503 ut
2389 2471 2461 2503 re.-

482 2522 688 2584 linquant
716 2521 814 2570 illos
836 2523 917 2586 qui
941 2523 999 2570 ab
1014 2522 1223 2574 Ecclefia
1250 2523 1475 2585 spirituali,
1511 2534 1561 2569 ut
1590 2522 1743 2569 colant
1769 2523 2047 2581 Dominum,
2080 2524 2251 2573 constat
2289 2537 2350 2569 ex.
2367 2522 2456 2569 illis

481 2589 606 2654 prius
643 2606 700 2636 n:
739 2604 884 2648 7500,
924 2588 999 2636 ubi
1039 2589 1198 2635 eadem
1229 2589 1383 2638 verba.
2336 2628 2338 2632 .

552 2657 694 2720 7642.
733 2654 856 2717 Qia
880 2655 911 2701 fi
938 2654 1348 2711 renuistdimittere,
1380 2653 1501 2716 quod
1529 2653 1748 2716 significet
1774 2653 1802 2702 fi
1828 2669 1918 2710 non
1944 2653 2261 2715 relinquerent,
2286 2653 2458 2701 constat

480 2735 544 2781 ex
564 2715 888 2781 fignificatione
911 2722 1162 2776 dimittere,
1198 2722 1323 2784 quod
1351 2720 1401 2767 stt
1429 2720 1693 2781 relinquere,
1740 2733 1788 2767 ut
1810 2720 1971 2783 saepius
1993 2719 2130 2783 priuS,
2185 2718 2245 2766 ita
2268 2735 2454 2769 renuere

480 2786 726 2841 dimittere,
762 2786 824 2832 est
849 2802 938 2832 non
965 2787 1077 2833 velle
1102 2787 1367 2850 relinquere.

550 2852 694 2915 7643.
732 2851 853 2898 Ecce
871 2851 978 2914 Ego
994 2853 1171 2899 adduco
1187 2850 1404 2899 locustam
1425 2852 1468 2898 in
1489 2851 1735 2899 terminum
1755 2863 1903 2906 tuum,
1939 2849 2063 2914 quod
2081 2848 2301 2911 significet
2324 2852 2450 2914 quod

477 2917 636 2965 {illum
663 2918 905 2978 occupabit
929 2931 1136 2967 extrema
1156 2919 1358 2974 illorum,
1395 2918 1568 2964 constat
1592 2933 1646 2964 ex
1673 2917 1997 2979 significatione
2015 2915 2211 2972 locustae,
2247 2918 2372 2979 quod
2400 2918 2454 2964 sit

477 2985 642 3032 falsum
669 2984 712 3030 in
737 2984 967 3039 extremiS,
1019 2984 1075 3030 de
1104 3001 1189 3048 qua
1223 2983 1416 3048 sequitur
1440 3004 1456 3037 ς-
1509 2999 1565 3030 ex
1591 2983 1917 3044 significatione
1956 2980 2154 3035 termini,
2205 2983 2327 3045 quod
2370 2983 2455 3030 fint

477 3064 700 3106 extrema,
753 3049 803 3096 ὅτ
826 3064 882 3094 ex
910 3050 1233 3109 significatione
1272 3050 1509 3104 adducere,
1562 3050 1666 3111 quia
1691 3049 1748 3094 de
1773 3047 1882 3093 falso
1908 3048 2196 3109 praedicatur,
2250 3049 2378 3110 quod
2401 3048 2454 3096 fit

476 3132 727 3179 occupare:
777 3114 941 3160 dicitur
961 3115 1085 3179 quod
1112 3116 1324 3177 Jehovah
1349 3115 1555 3167 adducet,
1609 3113 1688 3160 sed
1716 3113 1985 3174 intelligitur
2024 3113 2152 3176 quod
2189 3113 2451 3171 adducetur,
2515 3170 2524 3176 ἱ

476 3178 641 3246 nempe
660 3198 683 3230 a
705 3180 830 3228 malo
851 3201 871 3233 3-
903 3181 988 3227 hoc
1013 3180 1211 3228 similiter
1231 3184 1270 3229 se
1290 3182 1421 3228 habet
1439 3196 1486 3226 ac
1504 3179 1630 3241 quod
1653 3179 1873 3228 tribuatur
1889 3179 2102 3240 jehovae,
2138 3178 2222 3225 hoc
2237 3179 2315 3235 ess,
2350 3180 2452 3226 Do-

479 3263 624 3305 mano,
660 3247 787 3312 quod
813 3248 1133 3313 aggravaverit
1152 3264 1226 3297 cor
1250 3247 1645 3305 Pharaonis,.,curn
1665 3259 1818 3293 tamen
1837 3246 1887 3293 fit
1905 3246 1962 3292 ab
1980 3246 2181 3303 homine,
2218 3245 2309 3309 ejus
2330 3245 2468 3319 mala

2398 3326 2461 3358 m.
