<?xml version="1.0" encoding="UTF-8"?>
<!DOCTYPE html PUBLIC "-//W3C//DTD XHTML 1.0 Transitional//EN"
    "http://www.w3.org/TR/xhtml1/DTD/xhtml1-transitional.dtd">
<html xmlns="http://www.w3.org/1999/xhtml" xml:lang="en" lang="en">
 <head>
  <title>
</title>
<meta http-equiv="Content-Type" content="text/html;charset=utf-8" />
  <meta name='ocr-system' content='tesseract 3.04.00' />
  <meta name='ocr-capabilities' content='ocr_page ocr_carea ocr_par ocr_line ocrx_word'/>
</head>
<body>
  <div class='ocr_page' id='page_1' title='image "arcanacaelestiaq06sweduoft_0361.png"; bbox 0 0 2912 3770; ppageno 0'>
   <div class='ocr_carea' id='block_1_1' title="bbox 0 1124 111 3770">
    <p class='ocr_par' dir='ltr' id='par_1_1' title="bbox 0 1124 111 3770">
     <span class='ocr_line' id='line_1_1' title="bbox 0 1124 111 3770; baseline 0 0"><span class='ocrx_word' id='word_1_1' title='bbox 0 1124 111 3770; x_wconf 95' lang='lat' dir='ltr'> </span> 
     </span>
    </p>
   </div>
   <div class='ocr_carea' id='block_1_2' title="bbox 802 175 2518 291">
    <p class='ocr_par' dir='ltr' id='par_1_2' title="bbox 802 175 2518 291">
     <span class='ocr_line' id='line_1_2' title="bbox 802 175 2518 291; baseline -0.003 -24"><span class='ocrx_word' id='word_1_2' title='bbox 802 197 1217 277; x_wconf 74' lang='lat' dir='ltr'>CAPUT</span> <span class='ocrx_word' id='word_1_3' title='bbox 1307 191 1981 287; x_wconf 67' lang='lat' dir='ltr'><strong>DECIMUM.</strong></span> <span class='ocrx_word' id='word_1_4' title='bbox 2192 288 2196 291; x_wconf 13' lang='grc' dir='ltr'>Ι</span> <span class='ocrx_word' id='word_1_5' title='bbox 2277 209 2419 279; x_wconf 81' lang='lat'>3572</span> <span class='ocrx_word' id='word_1_6' title='bbox 2512 175 2518 180; x_wconf 78' lang='grc'><strong>’</strong></span> 
     </span>
    </p>
   </div>
   <div class='ocr_carea' id='block_1_3' title="bbox 406 318 2485 2771">
    <p class='ocr_par' dir='ltr' id='par_1_3' title="bbox 440 318 2485 445">
     <span class='ocr_line' id='line_1_3' title="bbox 440 318 2485 390; baseline -0.005 -13"><span class='ocrx_word' id='word_1_7' title='bbox 440 318 664 390; x_wconf 58' lang='grc' dir='ltr'>,ξιᾳωίηἰς,</span> <span class='ocrx_word' id='word_1_8' title='bbox 700 326 771 378; x_wconf 89' lang='lat' dir='ltr'>seu</span> <span class='ocrx_word' id='word_1_9' title='bbox 795 328 992 380; x_wconf 84' lang='lat' dir='ltr'>naturale</span> <span class='ocrx_word' id='word_1_10' title='bbox 1015 327 1063 378; x_wconf 90' lang='lat' dir='ltr'>in</span> <span class='ocrx_word' id='word_1_11' title='bbox 1085 327 1319 389; x_wconf 65' lang='lat' dir='ltr'>extremiS,</span> <span class='ocrx_word' id='word_1_12' title='bbox 1353 343 1461 377; x_wconf 89' lang='lat' dir='ltr'>nam</span> <span class='ocrx_word' id='word_1_13' title='bbox 1485 326 1632 377; x_wconf 89' lang='lat' dir='ltr'>homo</span> <span class='ocrx_word' id='word_1_14' title='bbox 1654 324 1860 376; x_wconf 85' lang='lat' dir='ltr'>sensualis</span> <span class='ocrx_word' id='word_1_15' title='bbox 1882 323 2052 375; x_wconf 87' lang='lat' dir='ltr'>dicitur</span> <span class='ocrx_word' id='word_1_16' title='bbox 2072 321 2158 387; x_wconf 85' lang='lat' dir='ltr'>qui</span> <span class='ocrx_word' id='word_1_17' title='bbox 2193 334 2251 370; x_wconf 81' lang='lat' dir='ltr'>ex</span> <span class='ocrx_word' id='word_1_18' title='bbox 2273 319 2419 384; x_wconf 46' lang='lat' dir='ltr'>sensu&lt;</span> <span class='ocrx_word' id='word_1_19' title='bbox 2475 364 2485 367; x_wconf 16' lang='lat' dir='ltr'>a</span> 
     </span>
     <span class='ocr_line' id='line_1_4' title="bbox 442 395 1749 445; baseline 0.002 0"><span class='ocrx_word' id='word_1_20' title='bbox 442 395 507 445; x_wconf 79' lang='lat' dir='ltr'>ali</span> <span class='ocrx_word' id='word_1_21' title='bbox 530 411 584 443; x_wconf 93' lang='lat' dir='ltr'>co</span> <span class='ocrx_word' id='word_1_22' title='bbox 621 398 716 444; x_wconf 88' lang='lat' dir='ltr'>itat.</span> <span class='ocrx_word' id='word_1_23' title='bbox 796 432 799 435; x_wconf 18' lang='grc' dir='ltr'><strong>Α</strong></span> <span class='ocrx_word' id='word_1_24' title='bbox 1740 405 1749 410; x_wconf 82' lang='grc'><em>”</em></span> 
     </span>
    </p>

    <p class='ocr_par' dir='ltr' id='par_1_4' title="bbox 416 410 2475 1517">
     <span class='ocr_line' id='line_1_5' title="bbox 515 410 2430 526; baseline -0.005 -16"><span class='ocrx_word' id='word_1_25' title='bbox 515 410 662 526; x_wconf 64' lang='grc'><strong><em>76984.</em></strong></span> <span class='ocrx_word' id='word_1_26' title='bbox 699 461 822 510; x_wconf 91' lang='lat' dir='ltr'>Vers</span> <span class='ocrx_word' id='word_1_27' title='bbox 831 480 848 510; x_wconf 92' lang='lat'>.·</span> <span class='ocrx_word' id='word_1_28' title='bbox 877 461 936 510; x_wconf 87' lang='lat'>16</span> <span class='ocrx_word' id='word_1_29' title='bbox 958 461 1016 510; x_wconf 89' lang='lat' dir='ltr'>ad</span> <span class='ocrx_word' id='word_1_30' title='bbox 1044 475 1120 512; x_wconf 87' lang='lat'>20.</span> <span class='ocrx_word' id='word_1_31' title='bbox 1158 463 1224 510; x_wconf 90' lang='lat' dir='ltr'>Et</span> <span class='ocrx_word' id='word_1_32' title='bbox 1232 461 1464 525; x_wconf 67' lang='lat' dir='ltr'>fistinavf‘t</span> <span class='ocrx_word' id='word_1_33' title='bbox 1481 460 1662 511; x_wconf 85' lang='lat' dir='ltr'><em>Pharao</em></span> <span class='ocrx_word' id='word_1_34' title='bbox 1685 458 1746 508; x_wconf 87' lang='lat' dir='ltr'>ad</span> <span class='ocrx_word' id='word_1_35' title='bbox 1759 457 1995 509; x_wconf 87' lang='lat' dir='ltr'>vocandum</span> <span class='ocrx_word' id='word_1_36' title='bbox 2013 456 2214 520; x_wconf 77' lang='lat' dir='ltr'>Mofhhen</span> <span class='ocrx_word' id='word_1_37' title='bbox 2232 454 2288 504; x_wconf 59' lang='grc' dir='ltr'>ξεῖ</span> <span class='ocrx_word' id='word_1_38' title='bbox 2302 453 2430 502; x_wconf 50' lang='lat' dir='ltr'>Aba}</span> 
     </span>
     <span class='ocr_line' id='line_1_6' title="bbox 448 523 2423 591; baseline -0.006 -14"><span class='ocrx_word' id='word_1_39' title='bbox 448 544 607 585; x_wconf 87' lang='lat' dir='ltr'>ronem,</span> <span class='ocrx_word' id='word_1_40' title='bbox 643 527 699 577; x_wconf 57' lang='grc' dir='ltr'>δέ</span> <span class='ocrx_word' id='word_1_41' title='bbox 721 528 846 585; x_wconf 81' lang='lat' dir='ltr'><strong><em>dixit,</em></strong></span> <span class='ocrx_word' id='word_1_42' title='bbox 875 529 1054 591; x_wconf 86' lang='lat' dir='ltr'>peccavi</span> <span class='ocrx_word' id='word_1_43' title='bbox 1076 527 1253 589; x_wconf 81' lang='lat' dir='ltr'><em>Jehovae</em></span> <span class='ocrx_word' id='word_1_44' title='bbox 1276 530 1369 577; x_wconf 85' lang='lat' dir='ltr'>Deo</span> <span class='ocrx_word' id='word_1_45' title='bbox 1390 528 1540 587; x_wconf 88' lang='lat' dir='ltr'>vestro,</span> <span class='ocrx_word' id='word_1_46' title='bbox 1588 525 1644 575; x_wconf 72' lang='lat'>&amp;¹</span> <span class='ocrx_word' id='word_1_47' title='bbox 1665 527 1802 576; x_wconf 87' lang='lat' dir='ltr'>vobis.</span> <span class='ocrx_word' id='word_1_48' title='bbox 1871 527 1936 573; x_wconf 89' lang='lat' dir='ltr'>Et</span> <span class='ocrx_word' id='word_1_49' title='bbox 1957 541 2067 574; x_wconf 84' lang='lat' dir='ltr'>nunc</span> <span class='ocrx_word' id='word_1_50' title='bbox 2090 525 2257 572; x_wconf 82' lang='lat' dir='ltr'><em>remitte</em></span> <span class='ocrx_word' id='word_1_51' title='bbox 2289 523 2423 584; x_wconf 78' lang='lat' dir='ltr'><em>quaeso</em></span> 
     </span>
     <span class='ocr_line' id='line_1_7' title="bbox 447 588 2428 658; baseline -0.006 -16"><span class='ocrx_word' id='word_1_52' title='bbox 447 605 666 658; x_wconf 85' lang='lat' dir='ltr'>peccatum</span> <span class='ocrx_word' id='word_1_53' title='bbox 703 609 837 643; x_wconf 82' lang='lat' dir='ltr'>meum</span> <span class='ocrx_word' id='word_1_54' title='bbox 876 603 1043 642; x_wconf 90' lang='lat' dir='ltr'>tantum</span> <span class='ocrx_word' id='word_1_55' title='bbox 1077 590 1160 642; x_wconf 73' lang='lat' dir='ltr'>ha&#39;c</span> <span class='ocrx_word' id='word_1_56' title='bbox 1180 596 1276 640; x_wconf 87' lang='lat' dir='ltr'>vice</span> <span class='ocrx_word' id='word_1_57' title='bbox 1299 627 1315 651; x_wconf 95' lang='lat'>,</span> <span class='ocrx_word' id='word_1_58' title='bbox 1354 593 1410 642; x_wconf 63' lang='grc' dir='ltr'>δεῖ</span> <span class='ocrx_word' id='word_1_59' title='bbox 1444 592 1681 655; x_wconf 83' lang='lat' dir='ltr'>supplicate</span> <span class='ocrx_word' id='word_1_60' title='bbox 1702 592 1887 654; x_wconf 85' lang='lat' dir='ltr'><em>Jehovoe</em></span> <span class='ocrx_word' id='word_1_61' title='bbox 1908 593 2004 640; x_wconf 87' lang='lat' dir='ltr'>Deo</span> <span class='ocrx_word' id='word_1_62' title='bbox 2026 590 2181 648; x_wconf 69' lang='lat' dir='ltr'>vestro,</span> <span class='ocrx_word' id='word_1_63' title='bbox 2215 588 2270 638; x_wconf 79' lang='lat'><em>&amp;</em></span> <span class='ocrx_word' id='word_1_64' title='bbox 2293 601 2428 634; x_wconf 79' lang='lat' dir='ltr'>remo-</span> 
     </span>
     <span class='ocr_line' id='line_1_8' title="bbox 451 653 2429 723; baseline -0.005 -15"><span class='ocrx_word' id='word_1_65' title='bbox 451 670 555 708; x_wconf 84' lang='lat' dir='ltr'>veat</span> <span class='ocrx_word' id='word_1_66' title='bbox 587 659 638 708; x_wconf 84' lang='lat' dir='ltr'>de</span> <span class='ocrx_word' id='word_1_67' title='bbox 656 659 780 723; x_wconf 67' lang='lat' dir='ltr'>liaper</span> <span class='ocrx_word' id='word_1_68' title='bbox 803 674 878 709; x_wconf 62' lang='lat' dir='ltr'>rme</span> <span class='ocrx_word' id='word_1_69' title='bbox 909 669 1078 709; x_wconf 83' lang='lat' dir='ltr'>tantum</span> <span class='ocrx_word' id='word_1_70' title='bbox 1112 669 1287 707; x_wconf 89' lang='lat' dir='ltr'>mortem</span> <span class='ocrx_word' id='word_1_71' title='bbox 1321 659 1446 708; x_wconf 89' lang='lat' dir='ltr'><em>hanc.</em></span> <span class='ocrx_word' id='word_1_72' title='bbox 1517 660 1581 706; x_wconf 92' lang='lat' dir='ltr'>Et</span> <span class='ocrx_word' id='word_1_73' title='bbox 1616 659 1754 707; x_wconf 77' lang='lat' dir='ltr'><em>exivit</em></span> <span class='ocrx_word' id='word_1_74' title='bbox 1786 674 1815 705; x_wconf 89' lang='lat' dir='ltr'>a</span> <span class='ocrx_word' id='word_1_75' title='bbox 1846 674 1939 705; x_wconf 91' lang='lat' dir='ltr'>cum</span> <span class='ocrx_word' id='word_1_76' title='bbox 1972 659 2218 712; x_wconf 86' lang='lat' dir='ltr'><em>Pharaone,</em></span> <span class='ocrx_word' id='word_1_77' title='bbox 2253 653 2309 703; x_wconf 81' lang='lat'><em>&amp;</em></span> <span class='ocrx_word' id='word_1_78' title='bbox 2322 654 2429 715; x_wconf 89' lang='lat' dir='ltr'>sup-</span> 
     </span>
     <span class='ocr_line' id='line_1_9' title="bbox 445 717 2433 790; baseline -0.004 -15"><span class='ocrx_word' id='word_1_79' title='bbox 445 728 631 790; x_wconf 85' lang='lat' dir='ltr'><em>plicavit</em></span> <span class='ocrx_word' id='word_1_80' title='bbox 654 725 716 774; x_wconf 84' lang='lat' dir='ltr'>ad</span> <span class='ocrx_word' id='word_1_81' title='bbox 731 725 958 788; x_wconf 82' lang='lat' dir='ltr'>Jehovam.</span> <span class='ocrx_word' id='word_1_82' title='bbox 1027 726 1093 773; x_wconf 93' lang='lat' dir='ltr'>Et</span> <span class='ocrx_word' id='word_1_83' title='bbox 1126 727 1332 773; x_wconf 80' lang='lat' dir='ltr'>convertit</span> <span class='ocrx_word' id='word_1_84' title='bbox 1354 725 1561 787; x_wconf 86' lang='lat' dir='ltr'>Jehovah</span> <span class='ocrx_word' id='word_1_85' title='bbox 1589 734 1763 773; x_wconf 83' lang='lat' dir='ltr'>ventum</span> <span class='ocrx_word' id='word_1_86' title='bbox 1797 726 1933 772; x_wconf 82' lang='lat' dir='ltr'>maris</span> <span class='ocrx_word' id='word_1_87' title='bbox 1963 723 2157 773; x_wconf 84' lang='lat' dir='ltr'>validum</span> <span class='ocrx_word' id='word_1_88' title='bbox 2191 719 2334 777; x_wconf 87' lang='lat' dir='ltr'>valde,</span> <span class='ocrx_word' id='word_1_89' title='bbox 2370 717 2433 768; x_wconf 57' lang='grc' dir='ltr'>ὃ</span> 
     </span>
     <span class='ocr_line' id='line_1_10' title="bbox 436 790 2438 858; baseline -0.004 -17"><span class='ocrx_word' id='word_1_90' title='bbox 436 793 616 858; x_wconf 79' lang='lat' dir='ltr'>sustulit</span> <span class='ocrx_word' id='word_1_91' title='bbox 647 791 860 853; x_wconf 75' lang='lat' dir='ltr'>locustam,</span> <span class='ocrx_word' id='word_1_92' title='bbox 907 791 964 841; x_wconf 58' lang='grc' dir='ltr'>ὅ</span> <span class='ocrx_word' id='word_1_93' title='bbox 996 792 1166 855; x_wconf 82' lang='lat' dir='ltr'>conjecit</span> <span class='ocrx_word' id='word_1_94' title='bbox 1202 791 1320 840; x_wconf 88' lang='lat' dir='ltr'>illam</span> <span class='ocrx_word' id='word_1_95' title='bbox 1354 808 1475 840; x_wconf 85' lang='lat' dir='ltr'>mare</span> <span class='ocrx_word' id='word_1_96' title='bbox 1510 791 1642 852; x_wconf 81' lang='lat' dir='ltr'>Suph,</span> <span class='ocrx_word' id='word_1_97' title='bbox 1676 807 1758 838; x_wconf 86' lang='lat' dir='ltr'>non</span> <span class='ocrx_word' id='word_1_98' title='bbox 1791 790 1943 838; x_wconf 63' lang='lat' dir='ltr'>relitta</span> <span class='ocrx_word' id='word_1_99' title='bbox 1977 790 2127 852; x_wconf 86' lang='lat' dir='ltr'>locusta</span> <span class='ocrx_word' id='word_1_100' title='bbox 2149 804 2236 837; x_wconf 89' lang='lat' dir='ltr'>una</span> <span class='ocrx_word' id='word_1_101' title='bbox 2269 790 2315 834; x_wconf 84' lang='lat' dir='ltr'>in</span> <span class='ocrx_word' id='word_1_102' title='bbox 2348 800 2438 833; x_wconf 80' lang='lat' dir='ltr'>on:-</span> 
     </span>
     <span class='ocr_line' id='line_1_11' title="bbox 454 849 2441 922; baseline -0.005 -15"><span class='ocrx_word' id='word_1_103' title='bbox 454 863 502 907; x_wconf 86' lang='lat' dir='ltr'>m‘</span> <span class='ocrx_word' id='word_1_104' title='bbox 532 860 710 908; x_wconf 85' lang='lat' dir='ltr'>termino</span> <span class='ocrx_word' id='word_1_105' title='bbox 735 858 933 922; x_wconf 83' lang='lat' dir='ltr'>AEgypti.</span> <span class='ocrx_word' id='word_1_106' title='bbox 1003 859 1069 904; x_wconf 86' lang='lat' dir='ltr'>Et</span> <span class='ocrx_word' id='word_1_107' title='bbox 1106 857 1353 917; x_wconf 81' lang='lat' dir='ltr'>obfirmavit</span> <span class='ocrx_word' id='word_1_108' title='bbox 1386 858 1588 920; x_wconf 82' lang='lat' dir='ltr'>Jehovah</span> <span class='ocrx_word' id='word_1_109' title='bbox 1621 873 1692 905; x_wconf 88' lang='lat' dir='ltr'>cor</span> <span class='ocrx_word' id='word_1_110' title='bbox 1717 857 1977 912; x_wconf 85' lang='lat' dir='ltr'><em>Pharaonis,</em></span> <span class='ocrx_word' id='word_1_111' title='bbox 2000 855 2058 905; x_wconf 78' lang='lat'>&amp;²</span> <span class='ocrx_word' id='word_1_112' title='bbox 2090 872 2168 904; x_wconf 91' lang='lat' dir='ltr'>non</span> <span class='ocrx_word' id='word_1_113' title='bbox 2191 853 2347 914; x_wconf 83' lang='lat' dir='ltr'>dimifit</span> <span class='ocrx_word' id='word_1_114' title='bbox 2373 849 2441 909; x_wconf 83' lang='lat' dir='ltr'>fi-</span> 
     </span>
     <span class='ocr_line' id='line_1_12' title="bbox 452 921 2434 986; baseline -0.005 -12"><span class='ocrx_word' id='word_1_115' title='bbox 452 925 531 975; x_wconf 82' lang='lat' dir='ltr'>lios</span> <span class='ocrx_word' id='word_1_116' title='bbox 564 923 748 986; x_wconf 77' lang='lat' dir='ltr'>Istaelis.</span> <span class='ocrx_word' id='word_1_117' title='bbox 837 923 903 971; x_wconf 90' lang='lat' dir='ltr'>Et</span> <span class='ocrx_word' id='word_1_118' title='bbox 936 922 1167 972; x_wconf 88' lang='lat' dir='ltr'>festinavit</span> <span class='ocrx_word' id='word_1_119' title='bbox 1200 925 1379 972; x_wconf 86' lang='lat' dir='ltr'>Pharao</span> <span class='ocrx_word' id='word_1_120' title='bbox 1411 924 1468 972; x_wconf 89' lang='lat' dir='ltr'>ad</span> <span class='ocrx_word' id='word_1_121' title='bbox 1504 923 1762 971; x_wconf 85' lang='lat' dir='ltr'>vocandum</span> <span class='ocrx_word' id='word_1_122' title='bbox 1799 922 2026 971; x_wconf 85' lang='lat' dir='ltr'>Moschen</span> <span class='ocrx_word' id='word_1_123' title='bbox 2061 924 2111 970; x_wconf 76' lang='grc' dir='ltr'>δε</span> <span class='ocrx_word' id='word_1_124' title='bbox 2155 921 2434 975; x_wconf 80' lang='lat' dir='ltr'>Aharonem,</span> 
     </span>
     <span class='ocr_line' id='line_1_13' title="bbox 457 985 2444 1054; baseline -0.003 -17"><span class='ocrx_word' id='word_1_125' title='bbox 457 989 678 1053; x_wconf 86' lang='lat' dir='ltr'>fignificat</span> <span class='ocrx_word' id='word_1_126' title='bbox 710 990 924 1039; x_wconf 88' lang='lat' dir='ltr'>timorem</span> <span class='ocrx_word' id='word_1_127' title='bbox 960 1002 1068 1038; x_wconf 91' lang='lat' dir='ltr'>tunc</span> <span class='ocrx_word' id='word_1_128' title='bbox 1103 1005 1188 1054; x_wconf 91' lang='lat' dir='ltr'>pro</span> <span class='ocrx_word' id='word_1_129' title='bbox 1222 991 1348 1038; x_wconf 89' lang='lat' dir='ltr'>Vero</span> <span class='ocrx_word' id='word_1_130' title='bbox 1392 1006 1419 1037; x_wconf 89' lang='lat' dir='ltr'>a</span> <span class='ocrx_word' id='word_1_131' title='bbox 1454 988 1660 1038; x_wconf 82' lang='lat' dir='ltr'>Divino:</span> <span class='ocrx_word' id='word_1_132' title='bbox 1730 990 1779 1037; x_wconf 79' lang='grc' dir='ltr'>δε</span> <span class='ocrx_word' id='word_1_133' title='bbox 1813 989 1945 1046; x_wconf 86' lang='lat' dir='ltr'>dixit,</span> <span class='ocrx_word' id='word_1_134' title='bbox 2003 988 2187 1052; x_wconf 87' lang='lat' dir='ltr'>peccavi</span> <span class='ocrx_word' id='word_1_135' title='bbox 2236 985 2444 1049; x_wconf 79' lang='lat' dir='ltr'>Jehovae·</span> 
     </span>
     <span class='ocr_line' id='line_1_14' title="bbox 454 1053 2440 1119; baseline -0.003 -15"><span class='ocrx_word' id='word_1_136' title='bbox 454 1056 559 1104; x_wconf 88' lang='lat' dir='ltr'>Deo</span> <span class='ocrx_word' id='word_1_137' title='bbox 582 1055 750 1112; x_wconf 83' lang='lat' dir='ltr'>vestro,</span> <span class='ocrx_word' id='word_1_138' title='bbox 785 1056 836 1103; x_wconf 75' lang='grc' dir='ltr'>δε</span> <span class='ocrx_word' id='word_1_139' title='bbox 859 1056 1008 1112; x_wconf 88' lang='lat' dir='ltr'>vobis,</span> <span class='ocrx_word' id='word_1_140' title='bbox 1044 1056 1268 1118; x_wconf 86' lang='lat' dir='ltr'>fignificat</span> <span class='ocrx_word' id='word_1_141' title='bbox 1282 1055 1603 1106; x_wconf 88' lang='lat' dir='ltr'>confeffionem</span> <span class='ocrx_word' id='word_1_142' title='bbox 1624 1055 1748 1119; x_wconf 91' lang='lat' dir='ltr'>quod</span> <span class='ocrx_word' id='word_1_143' title='bbox 1769 1071 1860 1102; x_wconf 90' lang='lat' dir='ltr'>non</span> <span class='ocrx_word' id='word_1_144' title='bbox 1878 1054 2169 1102; x_wconf 85' lang='lat' dir='ltr'>obediverint</span> <span class='ocrx_word' id='word_1_145' title='bbox 2185 1053 2364 1101; x_wconf 88' lang='lat' dir='ltr'>Divino</span> <span class='ocrx_word' id='word_1_146' title='bbox 2376 1066 2440 1098; x_wconf 77' lang='lat' dir='ltr'>ac</span> 
     </span>
     <span class='ocr_line' id='line_1_15' title="bbox 459 1118 2475 1188; baseline -0.003 -18"><span class='ocrx_word' id='word_1_147' title='bbox 459 1120 616 1171; x_wconf 86' lang='lat' dir='ltr'>Vero:</span> <span class='ocrx_word' id='word_1_148' title='bbox 670 1123 719 1170; x_wconf 78' lang='grc' dir='ltr'>δε</span> <span class='ocrx_word' id='word_1_149' title='bbox 742 1137 864 1170; x_wconf 91' lang='lat' dir='ltr'>nunc</span> <span class='ocrx_word' id='word_1_150' title='bbox 887 1122 1244 1186; x_wconf 17' lang='lat' dir='ltr'>remitteaquaeso</span> <span class='ocrx_word' id='word_1_151' title='bbox 1265 1134 1507 1188; x_wconf 89' lang='lat' dir='ltr'>peccatum</span> <span class='ocrx_word' id='word_1_152' title='bbox 1545 1137 1705 1170; x_wconf 89' lang='lat' dir='ltr'>meum</span> <span class='ocrx_word' id='word_1_153' title='bbox 1742 1134 1924 1169; x_wconf 90' lang='lat' dir='ltr'>tantum</span> <span class='ocrx_word' id='word_1_154' title='bbox 1948 1122 2031 1168; x_wconf 85' lang='lat' dir='ltr'>hac</span> <span class='ocrx_word' id='word_1_155' title='bbox 2053 1123 2171 1179; x_wconf 86' lang='lat' dir='ltr'>vice,</span> <span class='ocrx_word' id='word_1_156' title='bbox 2216 1118 2445 1182; x_wconf 73' lang='lat' dir='ltr'>fignificat</span> <span class='ocrx_word' id='word_1_157' title='bbox 2471 1154 2475 1157; x_wconf 54' lang='grc'><strong>»</strong></span> 
     </span>
     <span class='ocr_line' id='line_1_16' title="bbox 459 1186 2442 1253; baseline -0.003 -17"><span class='ocrx_word' id='word_1_158' title='bbox 459 1203 517 1236; x_wconf 88' lang='lat' dir='ltr'>ne</span> <span class='ocrx_word' id='word_1_159' title='bbox 547 1186 785 1252; x_wconf 81' lang='lat' dir='ltr'>respiciant</span> <span class='ocrx_word' id='word_1_160' title='bbox 806 1189 865 1236; x_wconf 93' lang='lat' dir='ltr'>ad</span> <span class='ocrx_word' id='word_1_161' title='bbox 888 1188 1277 1238; x_wconf 83' lang='lat' dir='ltr'>inobedientiam:</span> <span class='ocrx_word' id='word_1_162' title='bbox 1314 1191 1363 1238; x_wconf 88' lang='lat'>&amp;</span> <span class='ocrx_word' id='word_1_163' title='bbox 1403 1187 1646 1253; x_wconf 89' lang='lat' dir='ltr'>supplicate</span> <span class='ocrx_word' id='word_1_164' title='bbox 1668 1187 1863 1248; x_wconf 78' lang='lat' dir='ltr'>jehovae</span> <span class='ocrx_word' id='word_1_165' title='bbox 1886 1188 1988 1236; x_wconf 89' lang='lat' dir='ltr'>Deo</span> <span class='ocrx_word' id='word_1_166' title='bbox 2011 1188 2180 1246; x_wconf 85' lang='lat' dir='ltr'>vestro,</span> <span class='ocrx_word' id='word_1_167' title='bbox 2219 1186 2442 1250; x_wconf 82' lang='lat' dir='ltr'>fignificat</span> 
     </span>
     <span class='ocr_line' id='line_1_17' title="bbox 464 1254 2448 1319; baseline -0.001 -17"><span class='ocrx_word' id='word_1_168' title='bbox 464 1255 852 1303; x_wconf 86' lang='lat' dir='ltr'>interceffionem:</span> <span class='ocrx_word' id='word_1_169' title='bbox 902 1256 953 1303; x_wconf 85' lang='lat'>&amp;</span> <span class='ocrx_word' id='word_1_170' title='bbox 977 1267 1209 1303; x_wconf 87' lang='lat' dir='ltr'>removeat</span> <span class='ocrx_word' id='word_1_171' title='bbox 1230 1254 1422 1319; x_wconf 89' lang='lat' dir='ltr'><strong>desuper</strong></span> <span class='ocrx_word' id='word_1_172' title='bbox 1445 1270 1521 1304; x_wconf 91' lang='lat' dir='ltr'>me</span> <span class='ocrx_word' id='word_1_173' title='bbox 1545 1266 1722 1302; x_wconf 90' lang='lat' dir='ltr'>tantum</span> <span class='ocrx_word' id='word_1_174' title='bbox 1750 1266 1949 1302; x_wconf 89' lang='lat' dir='ltr'>mortem</span> <span class='ocrx_word' id='word_1_175' title='bbox 1974 1254 2103 1313; x_wconf 90' lang='lat' dir='ltr'>hanc,</span> <span class='ocrx_word' id='word_1_176' title='bbox 2150 1256 2374 1316; x_wconf 85' lang='lat' dir='ltr'>fignificat</span> <span class='ocrx_word' id='word_1_177' title='bbox 2392 1264 2448 1301; x_wconf 88' lang='lat' dir='ltr'>ut</span> 
     </span>
     <span class='ocr_line' id='line_1_18' title="bbox 461 1319 2442 1384; baseline 0.001 -16"><span class='ocrx_word' id='word_1_178' title='bbox 461 1319 626 1368; x_wconf 82' lang='lat' dir='ltr'>falsum</span> <span class='ocrx_word' id='word_1_179' title='bbox 650 1320 736 1370; x_wconf 91' lang='lat' dir='ltr'>hoc</span> <span class='ocrx_word' id='word_1_180' title='bbox 758 1335 851 1370; x_wconf 90' lang='lat' dir='ltr'>non</span> <span class='ocrx_word' id='word_1_181' title='bbox 874 1323 1073 1368; x_wconf 90' lang='lat' dir='ltr'>cruciet:</span> <span class='ocrx_word' id='word_1_182' title='bbox 1108 1322 1159 1370; x_wconf 86' lang='lat'>&amp;</span> <span class='ocrx_word' id='word_1_183' title='bbox 1183 1321 1408 1369; x_wconf 87' lang='lat' dir='ltr'>convertit</span> <span class='ocrx_word' id='word_1_184' title='bbox 1443 1320 1655 1384; x_wconf 86' lang='lat' dir='ltr'>Jehovah</span> <span class='ocrx_word' id='word_1_185' title='bbox 1687 1333 1878 1369; x_wconf 86' lang='lat' dir='ltr'>ventum</span> <span class='ocrx_word' id='word_1_186' title='bbox 1904 1321 2037 1368; x_wconf 87' lang='lat' dir='ltr'>maris</span> <span class='ocrx_word' id='word_1_187' title='bbox 2059 1322 2266 1369; x_wconf 88' lang='lat' dir='ltr'>validum</span> <span class='ocrx_word' id='word_1_188' title='bbox 2294 1321 2442 1378; x_wconf 87' lang='lat' dir='ltr'>valde,</span> 
     </span>
     <span class='ocr_line' id='line_1_19' title="bbox 462 1375 2452 1451; baseline 0 -16"><span class='ocrx_word' id='word_1_189' title='bbox 462 1387 684 1449; x_wconf 79' lang='lat' dir='ltr'>fignificat</span> <span class='ocrx_word' id='word_1_190' title='bbox 705 1386 991 1434; x_wconf 88' lang='lat' dir='ltr'>cessationem</span> <span class='ocrx_word' id='word_1_191' title='bbox 1019 1386 1218 1435; x_wconf 87' lang='lat' dir='ltr'>influxus</span> <span class='ocrx_word' id='word_1_192' title='bbox 1238 1387 1401 1435; x_wconf 87' lang='lat' dir='ltr'>Divini</span> <span class='ocrx_word' id='word_1_193' title='bbox 1421 1402 1502 1449; x_wconf 86' lang='lat' dir='ltr'>per</span> <span class='ocrx_word' id='word_1_194' title='bbox 1517 1375 1693 1435; x_wconf 58' lang='lat' dir='ltr'>coelum</span> <span class='ocrx_word' id='word_1_195' title='bbox 1713 1403 1724 1433; x_wconf 89' lang='lat'>:</span> <span class='ocrx_word' id='word_1_196' title='bbox 1763 1387 1814 1434; x_wconf 85' lang='lat'>&amp;</span> <span class='ocrx_word' id='word_1_197' title='bbox 1838 1385 2014 1435; x_wconf 88' lang='lat' dir='ltr'>sustulit</span> <span class='ocrx_word' id='word_1_198' title='bbox 2036 1386 2271 1444; x_wconf 89' lang='lat' dir='ltr'>locustam,</span> <span class='ocrx_word' id='word_1_199' title='bbox 2307 1388 2452 1451; x_wconf 77' lang='lat' dir='ltr'>figni-</span> 
     </span>
     <span class='ocr_line' id='line_1_20' title="bbox 416 1451 2450 1517; baseline 0.001 -17"><span class='ocrx_word' id='word_1_200' title='bbox 416 1493 418 1495; x_wconf 83' lang='lat'><em>.</em></span> <span class='ocrx_word' id='word_1_201' title='bbox 461 1453 566 1501; x_wconf 84' lang='lat' dir='ltr'>ficat</span> <span class='ocrx_word' id='word_1_202' title='bbox 588 1452 724 1500; x_wconf 86' lang='lat' dir='ltr'>status</span> <span class='ocrx_word' id='word_1_203' title='bbox 750 1451 866 1500; x_wconf 86' lang='lat' dir='ltr'>illius</span> <span class='ocrx_word' id='word_1_204' title='bbox 889 1454 1059 1501; x_wconf 87' lang='lat' dir='ltr'>finem:</span> <span class='ocrx_word' id='word_1_205' title='bbox 1115 1454 1166 1502; x_wconf 87' lang='lat'>&amp;</span> <span class='ocrx_word' id='word_1_206' title='bbox 1190 1452 1397 1510; x_wconf 83' lang='lat' dir='ltr'>coniecit·</span> <span class='ocrx_word' id='word_1_207' title='bbox 1419 1453 1541 1500; x_wconf 88' lang='lat' dir='ltr'>illam</span> <span class='ocrx_word' id='word_1_208' title='bbox 1568 1453 1612 1500; x_wconf 90' lang='lat' dir='ltr'>in</span> <span class='ocrx_word' id='word_1_209' title='bbox 1633 1452 1938 1516; x_wconf 85' lang='lat' dir='ltr'>mareSuph,</span> <span class='ocrx_word' id='word_1_210' title='bbox 1990 1453 2212 1517; x_wconf 85' lang='lat' dir='ltr'>fignificat</span> <span class='ocrx_word' id='word_1_211' title='bbox 2236 1454 2282 1501; x_wconf 91' lang='lat' dir='ltr'>in</span> <span class='ocrx_word' id='word_1_212' title='bbox 2309 1454 2450 1502; x_wconf 85' lang='lat' dir='ltr'>infer-</span> 
     </span>
    </p>

    <p class='ocr_par' dir='ltr' id='par_1_5' title="bbox 406 1518 2451 1782">
     <span class='ocr_line' id='line_1_21' title="bbox 464 1518 2446 1585; baseline 0.001 -18"><span class='ocrx_word' id='word_1_213' title='bbox 464 1535 579 1567; x_wconf 87' lang='lat' dir='ltr'>num</span> <span class='ocrx_word' id='word_1_214' title='bbox 600 1536 612 1567; x_wconf 73' lang='grc' dir='ltr'><strong><em>ι</em></strong></span> <span class='ocrx_word' id='word_1_215' title='bbox 663 1534 756 1566; x_wconf 88' lang='lat' dir='ltr'>non</span> <span class='ocrx_word' id='word_1_216' title='bbox 781 1518 936 1567; x_wconf 63' lang='lat' dir='ltr'>relicta</span> <span class='ocrx_word' id='word_1_217' title='bbox 958 1518 1125 1567; x_wconf 90' lang='lat' dir='ltr'>locusta</span> <span class='ocrx_word' id='word_1_218' title='bbox 1148 1535 1235 1568; x_wconf 85' lang='lat' dir='ltr'>una</span> <span class='ocrx_word' id='word_1_219' title='bbox 1260 1523 1308 1567; x_wconf 89' lang='lat' dir='ltr'>in</span> <span class='ocrx_word' id='word_1_220' title='bbox 1330 1520 1458 1568; x_wconf 89' lang='lat' dir='ltr'>omni</span> <span class='ocrx_word' id='word_1_221' title='bbox 1482 1518 1679 1569; x_wconf 88' lang='lat' dir='ltr'>termino</span> <span class='ocrx_word' id='word_1_222' title='bbox 1702 1518 1918 1582; x_wconf 84' lang='lat' dir='ltr'>AEgypti,</span> <span class='ocrx_word' id='word_1_223' title='bbox 1954 1519 2174 1582; x_wconf 83' lang='lat' dir='ltr'>fignificat</span> <span class='ocrx_word' id='word_1_224' title='bbox 2198 1522 2321 1585; x_wconf 92' lang='lat' dir='ltr'>quod</span> <span class='ocrx_word' id='word_1_225' title='bbox 2342 1519 2446 1569; x_wconf 85' lang='lat' dir='ltr'>falsa</span> 
     </span>
     <span class='ocr_line' id='line_1_22' title="bbox 406 1584 2451 1650; baseline 0.001 -16"><span class='ocrx_word' id='word_1_226' title='bbox 406 1586 429 1605; x_wconf 71' lang='grc'><strong>”</strong></span> <span class='ocrx_word' id='word_1_227' title='bbox 467 1584 543 1634; x_wconf 90' lang='lat' dir='ltr'>illa</span> <span class='ocrx_word' id='word_1_228' title='bbox 567 1585 612 1633; x_wconf 88' lang='lat' dir='ltr'>in</span> <span class='ocrx_word' id='word_1_229' title='bbox 636 1584 852 1633; x_wconf 79' lang='lat' dir='ltr'>extremis</span> <span class='ocrx_word' id='word_1_230' title='bbox 884 1600 977 1632; x_wconf 90' lang='lat' dir='ltr'>non</span> <span class='ocrx_word' id='word_1_231' title='bbox 1012 1586 1157 1650; x_wconf 86' lang='lat' dir='ltr'>magis</span> <span class='ocrx_word' id='word_1_232' title='bbox 1196 1597 1496 1650; x_wconf 82' lang='lat' dir='ltr'>apparerent:</span> <span class='ocrx_word' id='word_1_233' title='bbox 1549 1586 1600 1633; x_wconf 76' lang='grc' dir='ltr'>δε</span> <span class='ocrx_word' id='word_1_234' title='bbox 1639 1584 1906 1634; x_wconf 88' lang='lat' dir='ltr'>obfirmavit</span> <span class='ocrx_word' id='word_1_235' title='bbox 1929 1586 2142 1649; x_wconf 87' lang='lat' dir='ltr'>Jehovah</span> <span class='ocrx_word' id='word_1_236' title='bbox 2172 1602 2250 1634; x_wconf 92' lang='lat' dir='ltr'>cor</span> <span class='ocrx_word' id='word_1_237' title='bbox 2282 1587 2451 1637; x_wconf 79' lang='lat' dir='ltr'>Phara-</span> 
     </span>
     <span class='ocr_line' id='line_1_23' title="bbox 466 1649 2450 1715; baseline 0.002 -17"><span class='ocrx_word' id='word_1_238' title='bbox 466 1651 589 1708; x_wconf 82' lang='lat' dir='ltr'>oniS,</span> <span class='ocrx_word' id='word_1_239' title='bbox 626 1650 846 1714; x_wconf 84' lang='lat' dir='ltr'>fignificat</span> <span class='ocrx_word' id='word_1_240' title='bbox 868 1650 995 1715; x_wconf 93' lang='lat' dir='ltr'>quod</span> <span class='ocrx_word' id='word_1_241' title='bbox 1035 1649 1291 1701; x_wconf 86' lang='lat' dir='ltr'>infestantes</span> <span class='ocrx_word' id='word_1_242' title='bbox 1317 1652 1359 1700; x_wconf 90' lang='lat' dir='ltr'>se</span> <span class='ocrx_word' id='word_1_243' title='bbox 1380 1651 1688 1701; x_wconf 88' lang='lat' dir='ltr'>obstinarent:</span> <span class='ocrx_word' id='word_1_244' title='bbox 1731 1651 1781 1699; x_wconf 75' lang='grc' dir='ltr'>δε</span> <span class='ocrx_word' id='word_1_245' title='bbox 1803 1667 1897 1698; x_wconf 89' lang='lat' dir='ltr'>non</span> <span class='ocrx_word' id='word_1_246' title='bbox 1919 1651 2093 1701; x_wconf 80' lang='lat' dir='ltr'>dimifit</span> <span class='ocrx_word' id='word_1_247' title='bbox 2116 1652 2236 1702; x_wconf 80' lang='lat' dir='ltr'>filios</span> <span class='ocrx_word' id='word_1_248' title='bbox 2260 1653 2450 1713; x_wconf 78' lang='lat' dir='ltr'>IsraeliS,</span> 
     </span>
     <span class='ocr_line' id='line_1_24' title="bbox 466 1715 1900 1782; baseline -0.001 -17"><span class='ocrx_word' id='word_1_249' title='bbox 466 1715 691 1780; x_wconf 85' lang='lat' dir='ltr'>fignificat</span> <span class='ocrx_word' id='word_1_250' title='bbox 713 1728 767 1764; x_wconf 92' lang='lat' dir='ltr'>ut</span> <span class='ocrx_word' id='word_1_251' title='bbox 789 1733 882 1766; x_wconf 88' lang='lat' dir='ltr'>non</span> <span class='ocrx_word' id='word_1_252' title='bbox 906 1716 1210 1782; x_wconf 85' lang='lat' dir='ltr'>relinquerent</span> <span class='ocrx_word' id='word_1_253' title='bbox 1233 1718 1331 1768; x_wconf 91' lang='lat' dir='ltr'>illos</span> <span class='ocrx_word' id='word_1_254' title='bbox 1352 1719 1410 1766; x_wconf 87' lang='lat' dir='ltr'>ab</span> <span class='ocrx_word' id='word_1_255' title='bbox 1434 1717 1634 1766; x_wconf 74' lang='lat' dir='ltr'>Ecclesia</span> <span class='ocrx_word' id='word_1_256' title='bbox 1665 1716 1900 1780; x_wconf 82' lang='lat' dir='ltr'>spirituali.</span> 
     </span>
    </p>

    <p class='ocr_par' dir='ltr' id='par_1_6' title="bbox 466 1782 2463 2310">
     <span class='ocr_line' id='line_1_25' title="bbox 538 1782 2454 1853; baseline 0.003 -23"><span class='ocrx_word' id='word_1_257' title='bbox 538 1784 683 1846; x_wconf 88' lang='lat'>7695.</span> <span class='ocrx_word' id='word_1_258' title='bbox 737 1782 804 1830; x_wconf 92' lang='lat' dir='ltr'>Et</span> <span class='ocrx_word' id='word_1_259' title='bbox 826 1782 1055 1832; x_wconf 88' lang='lat' dir='ltr'>festinavit</span> <span class='ocrx_word' id='word_1_260' title='bbox 1081 1784 1272 1832; x_wconf 83' lang='lat' dir='ltr'>Pharao</span> <span class='ocrx_word' id='word_1_261' title='bbox 1289 1784 1346 1832; x_wconf 86' lang='lat' dir='ltr'>ad</span> <span class='ocrx_word' id='word_1_262' title='bbox 1370 1784 1630 1833; x_wconf 89' lang='lat' dir='ltr'>vocandum</span> <span class='ocrx_word' id='word_1_263' title='bbox 1653 1782 1876 1832; x_wconf 82' lang='lat' dir='ltr'>Moschen</span> <span class='ocrx_word' id='word_1_264' title='bbox 1899 1784 1950 1833; x_wconf 85' lang='lat'>&amp;</span> <span class='ocrx_word' id='word_1_265' title='bbox 1973 1785 2266 1842; x_wconf 85' lang='lat' dir='ltr'>Aharonem‚</span> <span class='ocrx_word' id='word_1_266' title='bbox 2318 1785 2454 1853; x_wconf 61' lang='lat' dir='ltr'>quod*</span> 
     </span>
     <span class='ocr_line' id='line_1_26' title="bbox 466 1847 2460 1915; baseline 0.002 -18"><span class='ocrx_word' id='word_1_267' title='bbox 466 1847 691 1911; x_wconf 79' lang='lat' dir='ltr'>significet</span> <span class='ocrx_word' id='word_1_268' title='bbox 714 1849 928 1897; x_wconf 86' lang='lat' dir='ltr'>timorem</span> <span class='ocrx_word' id='word_1_269' title='bbox 954 1862 1063 1898; x_wconf 91' lang='lat' dir='ltr'>tunc</span> <span class='ocrx_word' id='word_1_270' title='bbox 1086 1865 1172 1914; x_wconf 88' lang='lat' dir='ltr'>pro</span> <span class='ocrx_word' id='word_1_271' title='bbox 1194 1851 1359 1900; x_wconf 87' lang='lat' dir='ltr'>Vero-a</span> <span class='ocrx_word' id='word_1_272' title='bbox 1380 1850 1570 1908; x_wconf 81' lang='lat' dir='ltr'>Divino,</span> <span class='ocrx_word' id='word_1_273' title='bbox 1609 1848 1783 1898; x_wconf 85' lang='lat' dir='ltr'>constat</span> <span class='ocrx_word' id='word_1_274' title='bbox 1798 1866 1855 1898; x_wconf 84' lang='lat' dir='ltr'>ex</span> <span class='ocrx_word' id='word_1_275' title='bbox 1872 1851 2204 1915; x_wconf 71' lang='lat' dir='ltr'>significatione</span> <span class='ocrx_word' id='word_1_276' title='bbox 2225 1853 2460 1911; x_wconf 66' lang='lat' dir='ltr'>festinare,</span> 
     </span>
     <span class='ocr_line' id='line_1_27' title="bbox 467 1915 2449 1983; baseline 0.003 -21"><span class='ocrx_word' id='word_1_277' title='bbox 467 1915 596 1979; x_wconf 89' lang='lat' dir='ltr'>quod</span> <span class='ocrx_word' id='word_1_278' title='bbox 620 1915 673 1964; x_wconf 89' lang='lat' dir='ltr'>fit</span> <span class='ocrx_word' id='word_1_279' title='bbox 691 1931 747 1963; x_wconf 81' lang='lat' dir='ltr'>ex</span> <span class='ocrx_word' id='word_1_280' title='bbox 772 1915 956 1977; x_wconf 81' lang='lat' dir='ltr'>timore,</span> <span class='ocrx_word' id='word_1_281' title='bbox 991 1917 1143 1964; x_wconf 88' lang='lat' dir='ltr'>omnis</span> <span class='ocrx_word' id='word_1_282' title='bbox 1167 1916 1293 1964; x_wconf 89' lang='lat' dir='ltr'>enim</span> <span class='ocrx_word' id='word_1_283' title='bbox 1317 1915 1543 1964; x_wconf 81' lang='lat' dir='ltr'>festinatio</span> <span class='ocrx_word' id='word_1_284' title='bbox 1563 1916 1715 1965; x_wconf 86' lang='lat' dir='ltr'>existit</span> <span class='ocrx_word' id='word_1_285' title='bbox 1731 1917 1789 1964; x_wconf 87' lang='lat' dir='ltr'>ab</span> <span class='ocrx_word' id='word_1_286' title='bbox 1806 1917 2043 1966; x_wconf 68' lang='lat' dir='ltr'>affectione</span> <span class='ocrx_word' id='word_1_287' title='bbox 2064 1918 2216 1983; x_wconf 88' lang='lat' dir='ltr'>aliqua</span> <span class='ocrx_word' id='word_1_288' title='bbox 2240 1921 2449 1977; x_wconf 86' lang='lat' dir='ltr'>excitata,</span> 
     </span>
     <span class='ocr_line' id='line_1_28' title="bbox 469 1979 2463 2047; baseline 0.003 -20"><span class='ocrx_word' id='word_1_289' title='bbox 469 1981 544 2028; x_wconf 91' lang='lat' dir='ltr'>hic</span> <span class='ocrx_word' id='word_1_290' title='bbox 568 1996 624 2027; x_wconf 86' lang='lat' dir='ltr'>ex</span> <span class='ocrx_word' id='word_1_291' title='bbox 646 1979 886 2029; x_wconf 63' lang='lat' dir='ltr'>affectione</span> <span class='ocrx_word' id='word_1_292' title='bbox 911 1982 1108 2040; x_wconf 63' lang='lat' dir='ltr'>timoris»,</span> <span class='ocrx_word' id='word_1_293' title='bbox 1141 1995 1193 2030; x_wconf 91' lang='lat' dir='ltr'>ut</span> <span class='ocrx_word' id='word_1_294' title='bbox 1216 1995 1344 2047; x_wconf 88' lang='lat' dir='ltr'>patet</span> <span class='ocrx_word' id='word_1_295' title='bbox 1367 2000 1392 2031; x_wconf 92' lang='lat' dir='ltr'>a</span> <span class='ocrx_word' id='word_1_296' title='bbox 1410 1983 1655 2030; x_wconf 87' lang='lat' dir='ltr'>Pharaonis</span> <span class='ocrx_word' id='word_1_297' title='bbox 1676 1982 1826 2030; x_wconf 85' lang='lat' dir='ltr'>verbis</span> <span class='ocrx_word' id='word_1_298' title='bbox 1861 1991 1894 2013; x_wconf 75' lang='lat'>‘⁶</span> <span class='ocrx_word' id='word_1_299' title='bbox 1915 1984 2105 2031; x_wconf 90' lang='lat' dir='ltr'>Peccavi</span> <span class='ocrx_word' id='word_1_300' title='bbox 2126 1986 2324 2044; x_wconf 87' lang='lat' dir='ltr'>Jehovae</span> <span class='ocrx_word' id='word_1_301' title='bbox 2346 1988 2463 2034; x_wconf 48' lang='lat' dir='ltr'>Deo*</span> 
     </span>
     <span class='ocr_line' id='line_1_29' title="bbox 470 2045 2454 2111; baseline 0.003 -18"><span class='ocrx_word' id='word_1_302' title='bbox 470 2045 620 2094; x_wconf 83' lang='lat' dir='ltr'>vestro</span> <span class='ocrx_word' id='word_1_303' title='bbox 643 2048 692 2095; x_wconf 76' lang='grc' dir='ltr'>δε</span> <span class='ocrx_word' id='word_1_304' title='bbox 715 2047 846 2095; x_wconf 88' lang='lat' dir='ltr'>vobis</span> <span class='ocrx_word' id='word_1_305' title='bbox 866 2067 884 2101; x_wconf 87' lang='lat'>·‚</span> <span class='ocrx_word' id='word_1_306' title='bbox 935 2047 1176 2111; x_wconf 89' lang='lat' dir='ltr'>supplicate</span> <span class='ocrx_word' id='word_1_307' title='bbox 1204 2062 1255 2097; x_wconf 92' lang='lat' dir='ltr'>ut</span> <span class='ocrx_word' id='word_1_308' title='bbox 1278 2061 1514 2096; x_wconf 87' lang='lat' dir='ltr'>removeat</span> <span class='ocrx_word' id='word_1_309' title='bbox 1535 2064 1559 2096; x_wconf 89' lang='lat' dir='ltr'>a</span> <span class='ocrx_word' id='word_1_310' title='bbox 1584 2064 1661 2095; x_wconf 91' lang='lat' dir='ltr'>me</span> <span class='ocrx_word' id='word_1_311' title='bbox 1702 2060 1880 2096; x_wconf 91' lang='lat' dir='ltr'>tantum</span> <span class='ocrx_word' id='word_1_312' title='bbox 1923 2062 2119 2097; x_wconf 88' lang='lat' dir='ltr'>mortem</span> <span class='ocrx_word' id='word_1_313' title='bbox 2160 2050 2342 2106; x_wconf 78' lang='lat' dir='ltr'>hanc-,⁸⁹</span> <span class='ocrx_word' id='word_1_314' title='bbox 2395 2066 2454 2099; x_wconf 84' lang='lat' dir='ltr'>ex</span> 
     </span>
     <span class='ocr_line' id='line_1_30' title="bbox 472 2110 2460 2180; baseline 0.003 -22"><span class='ocrx_word' id='word_1_315' title='bbox 472 2110 865 2175; x_wconf 84' lang='lat' dir='ltr'>repraesentatione</span> <span class='ocrx_word' id='word_1_316' title='bbox 905 2113 1168 2168; x_wconf 80' lang='lat' dir='ltr'>PharaoniS,</span> <span class='ocrx_word' id='word_1_317' title='bbox 1217 2115 1345 2176; x_wconf 89' lang='lat' dir='ltr'>quod</span> <span class='ocrx_word' id='word_1_318' title='bbox 1372 2115 1456 2161; x_wconf 75' lang='lat' dir='ltr'>sint</span> <span class='ocrx_word' id='word_1_319' title='bbox 1477 2115 1558 2178; x_wconf 86' lang='lat' dir='ltr'>qui</span> <span class='ocrx_word' id='word_1_320' title='bbox 1585 2112 1808 2170; x_wconf 88' lang='lat' dir='ltr'>infestant,</span> <span class='ocrx_word' id='word_1_321' title='bbox 1859 2114 1917 2162; x_wconf 90' lang='lat' dir='ltr'>de</span> <span class='ocrx_word' id='word_1_322' title='bbox 1951 2132 2043 2180; x_wconf 91' lang='lat' dir='ltr'>qua</span> <span class='ocrx_word' id='word_1_323' title='bbox 2077 2116 2276 2180; x_wconf 83' lang='lat' dir='ltr'>saepius;</span> <span class='ocrx_word' id='word_1_324' title='bbox 2328 2119 2460 2166; x_wconf 65' lang='lat' dir='ltr'>&amp;exz</span> 
     </span>
     <span class='ocr_line' id='line_1_31' title="bbox 474 2178 2457 2244; baseline 0.005 -21"><span class='ocrx_word' id='word_1_325' title='bbox 474 2178 869 2240; x_wconf 61' lang='lat' dir='ltr'>repraesentatione</span> <span class='ocrx_word' id='word_1_326' title='bbox 895 2180 1097 2226; x_wconf 89' lang='lat' dir='ltr'>Moschis</span> <span class='ocrx_word' id='word_1_327' title='bbox 1125 2181 1175 2226; x_wconf 86' lang='lat'>&amp;</span> <span class='ocrx_word' id='word_1_328' title='bbox 1199 2181 1444 2236; x_wconf 73' lang='lat' dir='ltr'>AharoniS,</span> <span class='ocrx_word' id='word_1_329' title='bbox 1480 2184 1607 2244; x_wconf 87' lang='lat' dir='ltr'>quod</span> <span class='ocrx_word' id='word_1_330' title='bbox 1630 2179 1714 2226; x_wconf 73' lang='lat' dir='ltr'>sint</span> <span class='ocrx_word' id='word_1_331' title='bbox 1730 2180 1907 2227; x_wconf 88' lang='lat' dir='ltr'>Verum</span> <span class='ocrx_word' id='word_1_332' title='bbox 1933 2199 1960 2229; x_wconf 91' lang='lat' dir='ltr'>a</span> <span class='ocrx_word' id='word_1_333' title='bbox 1985 2182 2177 2240; x_wconf 87' lang='lat' dir='ltr'>Divino,</span> <span class='ocrx_word' id='word_1_334' title='bbox 2229 2183 2457 2232; x_wconf 89' lang='lat' dir='ltr'>Moscheh</span> 
     </span>
     <span class='ocr_line' id='line_1_32' title="bbox 475 2243 1899 2310; baseline 0.003 -20"><span class='ocrx_word' id='word_1_335' title='bbox 475 2243 705 2291; x_wconf 84' lang='lat' dir='ltr'>internum</span> <span class='ocrx_word' id='word_1_336' title='bbox 730 2245 780 2290; x_wconf 87' lang='lat'>&amp;</span> <span class='ocrx_word' id='word_1_337' title='bbox 802 2244 989 2292; x_wconf 86' lang='lat' dir='ltr'>Aharon</span> <span class='ocrx_word' id='word_1_338' title='bbox 1014 2257 1271 2300; x_wconf 84' lang='lat' dir='ltr'>externum,</span> <span class='ocrx_word' id='word_1_339' title='bbox 1306 2246 1362 2292; x_wconf 86' lang='lat' dir='ltr'>de</span> <span class='ocrx_word' id='word_1_340' title='bbox 1380 2260 1471 2307; x_wconf 89' lang='lat' dir='ltr'>qua</span> <span class='ocrx_word' id='word_1_341' title='bbox 1495 2263 1522 2293; x_wconf 89' lang='lat' dir='ltr'>n</span> <span class='ocrx_word' id='word_1_342' title='bbox 1545 2262 1557 2292; x_wconf 73' lang='grc' dir='ltr'>ε</span> <span class='ocrx_word' id='word_1_343' title='bbox 1581 2249 1725 2310; x_wconf 89' lang='lat'>7089.</span> <span class='ocrx_word' id='word_1_344' title='bbox 1753 2249 1899 2310; x_wconf 78' lang='lat'><strong>7382.</strong></span> 
     </span>
    </p>

    <p class='ocr_par' dir='ltr' id='par_1_7' title="bbox 476 2309 2474 2771">
     <span class='ocr_line' id='line_1_33' title="bbox 544 2309 2459 2379; baseline 0.005 -23"><span class='ocrx_word' id='word_1_345' title='bbox 544 2309 689 2372; x_wconf 85' lang='lat'><strong>7696.</strong></span> <span class='ocrx_word' id='word_1_346' title='bbox 727 2309 794 2358; x_wconf 88' lang='lat' dir='ltr'>Et</span> <span class='ocrx_word' id='word_1_347' title='bbox 815 2309 949 2367; x_wconf 87' lang='lat' dir='ltr'>dixit,</span> <span class='ocrx_word' id='word_1_348' title='bbox 985 2310 1166 2374; x_wconf 84' lang='lat' dir='ltr'>peccavi</span> <span class='ocrx_word' id='word_1_349' title='bbox 1193 2311 1390 2375; x_wconf 81' lang='lat' dir='ltr'>Jehovae</span> <span class='ocrx_word' id='word_1_350' title='bbox 1409 2313 1515 2360; x_wconf 86' lang='lat' dir='ltr'>Deo</span> <span class='ocrx_word' id='word_1_351' title='bbox 1531 2311 1682 2374; x_wconf 30' lang='lat' dir='ltr'>‚vestro</span> <span class='ocrx_word' id='word_1_352' title='bbox 1700 2313 1749 2359; x_wconf 75' lang='grc' dir='ltr'>δε</span> <span class='ocrx_word' id='word_1_353' title='bbox 1769 2313 1917 2371; x_wconf 79' lang='lat' dir='ltr'>vobiS,</span> <span class='ocrx_word' id='word_1_354' title='bbox 1950 2313 2078 2379; x_wconf 89' lang='lat' dir='ltr'>quod</span> <span class='ocrx_word' id='word_1_355' title='bbox 2104 2315 2327 2376; x_wconf 84' lang='lat' dir='ltr'>significet</span> <span class='ocrx_word' id='word_1_356' title='bbox 2349 2332 2459 2365; x_wconf 86' lang='lat' dir='ltr'>con·</span> 
     </span>
     <span class='ocr_line' id='line_1_34' title="bbox 479 2373 2459 2446; baseline 0.004 -24"><span class='ocrx_word' id='word_1_357' title='bbox 479 2373 864 2440; x_wconf 79' lang='lat' dir='ltr'>feffionem,quod</span> <span class='ocrx_word' id='word_1_358' title='bbox 891 2393 982 2425; x_wconf 88' lang='lat' dir='ltr'>non</span> <span class='ocrx_word' id='word_1_359' title='bbox 1006 2377 1258 2425; x_wconf 79' lang='lat' dir='ltr'>obediverit</span> <span class='ocrx_word' id='word_1_360' title='bbox 1284 2377 1460 2424; x_wconf 87' lang='lat' dir='ltr'>Divino</span> <span class='ocrx_word' id='word_1_361' title='bbox 1480 2394 1530 2426; x_wconf 86' lang='lat' dir='ltr'>ac</span> <span class='ocrx_word' id='word_1_362' title='bbox 1553 2380 1696 2433; x_wconf 85' lang='lat' dir='ltr'>Vero,</span> <span class='ocrx_word' id='word_1_363' title='bbox 1731 2378 1904 2428; x_wconf 87' lang='lat' dir='ltr'>constat</span> <span class='ocrx_word' id='word_1_364' title='bbox 1925 2397 1982 2428; x_wconf 89' lang='lat' dir='ltr'>ex</span> <span class='ocrx_word' id='word_1_365' title='bbox 2006 2381 2330 2442; x_wconf 77' lang='lat' dir='ltr'>significatione</span> <span class='ocrx_word' id='word_1_366' title='bbox 2355 2399 2459 2446; x_wconf 88' lang='lat' dir='ltr'>pec-</span> 
     </span>
     <span class='ocr_line' id='line_1_35' title="bbox 476 2440 2456 2512; baseline 0.004 -24"><span class='ocrx_word' id='word_1_367' title='bbox 476 2457 591 2498; x_wconf 86' lang='lat' dir='ltr'>care,</span> <span class='ocrx_word' id='word_1_368' title='bbox 619 2442 744 2505; x_wconf 91' lang='lat' dir='ltr'>quod</span> <span class='ocrx_word' id='word_1_369' title='bbox 765 2442 817 2489; x_wconf 91' lang='lat' dir='ltr'>s1t</span> <span class='ocrx_word' id='word_1_370' title='bbox 844 2440 982 2491; x_wconf 85' lang='lat' dir='ltr'>facere</span> <span class='ocrx_word' id='word_1_371' title='bbox 1006 2455 1163 2491; x_wconf 88' lang='lat' dir='ltr'>contra</span> <span class='ocrx_word' id='word_1_372' title='bbox 1184 2443 1394 2491; x_wconf 84' lang='lat' dir='ltr'>ordinem</span> <span class='ocrx_word' id='word_1_373' title='bbox 1415 2445 1662 2500; x_wconf 86' lang='lat' dir='ltr'>Divinum,</span> <span class='ocrx_word' id='word_1_374' title='bbox 1686 2443 1744 2490; x_wconf 89' lang='lat' dir='ltr'>de</span> <span class='ocrx_word' id='word_1_375' title='bbox 1769 2461 1855 2508; x_wconf 88' lang='lat' dir='ltr'>qua</span> <span class='ocrx_word' id='word_1_376' title='bbox 1879 2463 1935 2496; x_wconf 90' lang='lat' dir='ltr'>n:</span> <span class='ocrx_word' id='word_1_377' title='bbox 1959 2449 2108 2511; x_wconf 87' lang='lat'>5076,</span> <span class='ocrx_word' id='word_1_378' title='bbox 2145 2448 2280 2512; x_wconf 89' lang='lat' dir='ltr'>seque</span> <span class='ocrx_word' id='word_1_379' title='bbox 2301 2450 2361 2496; x_wconf 90' lang='lat' dir='ltr'>ab</span> <span class='ocrx_word' id='word_1_380' title='bbox 2383 2465 2456 2506; x_wconf 85' lang='lat' dir='ltr'>eo,</span> 
     </span>
     <span class='ocr_line' id='line_1_36' title="bbox 479 2509 2472 2579; baseline 0.004 -24"><span class='ocrx_word' id='word_1_381' title='bbox 479 2509 541 2555; x_wconf 85' lang='lat' dir='ltr'>ita</span> <span class='ocrx_word' id='word_1_382' title='bbox 566 2524 591 2554; x_wconf 85' lang='lat' dir='ltr'>a</span> <span class='ocrx_word' id='word_1_383' title='bbox 617 2509 739 2555; x_wconf 90' lang='lat' dir='ltr'>bono</span> <span class='ocrx_word' id='word_1_384' title='bbox 762 2509 812 2556; x_wconf 76' lang='grc' dir='ltr'>δε</span> <span class='ocrx_word' id='word_1_385' title='bbox 837 2510 944 2556; x_wconf 87' lang='lat' dir='ltr'>vero</span> <span class='ocrx_word' id='word_1_386' title='bbox 983 2523 1183 2557; x_wconf 86' lang='lat' dir='ltr'>avertere</span> <span class='ocrx_word' id='word_1_387' title='bbox 1218 2511 1268 2557; x_wconf 76' lang='grc' dir='ltr'>δε</span> <span class='ocrx_word' id='word_1_388' title='bbox 1307 2509 1518 2571; x_wconf 83' lang='lat' dir='ltr'>separare,</span> <span class='ocrx_word' id='word_1_389' title='bbox 1556 2527 1617 2556; x_wconf 91' lang='lat' dir='ltr'>n:</span> <span class='ocrx_word' id='word_1_390' title='bbox 1646 2525 1790 2572; x_wconf 80' lang='lat'>5229.</span> <span class='ocrx_word' id='word_1_391' title='bbox 1818 2529 1961 2574; x_wconf 86' lang='lat'><strong>5474.</strong></span> <span class='ocrx_word' id='word_1_392' title='bbox 1988 2517 2135 2573; x_wconf 74' lang='lat'>5841·</span> <span class='ocrx_word' id='word_1_393' title='bbox 2168 2518 2314 2579; x_wconf 68' lang='lat'>7589,</span> <span class='ocrx_word' id='word_1_394' title='bbox 2352 2516 2472 2562; x_wconf 44' lang='lat' dir='ltr'>inde*</span> 
     </span>
     <span class='ocr_line' id='line_1_37' title="bbox 481 2574 2462 2638; baseline 0.005 -18"><span class='ocrx_word' id='word_1_395' title='bbox 481 2574 619 2621; x_wconf 79' lang='lat' dir='ltr'>etiam</span> <span class='ocrx_word' id='word_1_396' title='bbox 641 2574 703 2622; x_wconf 89' lang='lat' dir='ltr'>est</span> <span class='ocrx_word' id='word_1_397' title='bbox 723 2590 813 2621; x_wconf 90' lang='lat' dir='ltr'>non</span> <span class='ocrx_word' id='word_1_398' title='bbox 839 2575 1023 2622; x_wconf 87' lang='lat' dir='ltr'>obedire</span> <span class='ocrx_word' id='word_1_399' title='bbox 1045 2575 1223 2623; x_wconf 69' lang='lat' dir='ltr'>Divino</span> <span class='ocrx_word' id='word_1_400' title='bbox 1241 2590 1292 2623; x_wconf 86' lang='lat' dir='ltr'>ac</span> <span class='ocrx_word' id='word_1_401' title='bbox 1310 2576 1449 2631; x_wconf 86' lang='lat' dir='ltr'>Vero,</span> <span class='ocrx_word' id='word_1_402' title='bbox 1475 2593 1577 2623; x_wconf 85' lang='lat' dir='ltr'>nam</span> <span class='ocrx_word' id='word_1_403' title='bbox 1604 2577 1684 2638; x_wconf 86' lang='lat' dir='ltr'>qui</span> <span class='ocrx_word' id='word_1_404' title='bbox 1705 2592 1794 2623; x_wconf 90' lang='lat' dir='ltr'>non</span> <span class='ocrx_word' id='word_1_405' title='bbox 1813 2580 1988 2633; x_wconf 80' lang='lat' dir='ltr'>obedit,</span> <span class='ocrx_word' id='word_1_406' title='bbox 2027 2578 2062 2626; x_wconf 82' lang='lat' dir='ltr'>is</span> <span class='ocrx_word' id='word_1_407' title='bbox 2081 2580 2121 2624; x_wconf 86' lang='lat' dir='ltr'>se</span> <span class='ocrx_word' id='word_1_408' title='bbox 2136 2583 2299 2628; x_wconf 86' lang='lat' dir='ltr'>avertit</span> <span class='ocrx_word' id='word_1_409' title='bbox 2314 2601 2331 2635; x_wconf 71' lang='grc' dir='ltr'><strong>ς</strong></span> <span class='ocrx_word' id='word_1_410' title='bbox 2370 2583 2462 2629; x_wconf 88' lang='lat' dir='ltr'>Di·</span> 
     </span>
     <span class='ocr_line' id='line_1_38' title="bbox 482 2640 2474 2711; baseline 0.005 -26"><span class='ocrx_word' id='word_1_411' title='bbox 482 2641 646 2699; x_wconf 72' lang='lat' dir='ltr'>vinum</span> <span class='ocrx_word' id='word_1_412' title='bbox 670 2640 733 2687; x_wconf 88' lang='lat' dir='ltr'>est</span> <span class='ocrx_word' id='word_1_413' title='bbox 757 2641 883 2704; x_wconf 79' lang='lat' dir='ltr'>quod</span> <span class='ocrx_word' id='word_1_414' title='bbox 909 2641 1179 2704; x_wconf 86' lang='lat' dir='ltr'>intelligitur</span> <span class='ocrx_word' id='word_1_415' title='bbox 1204 2657 1282 2705; x_wconf 87' lang='lat' dir='ltr'>per</span> <span class='ocrx_word' id='word_1_416' title='bbox 1300 2642 1532 2704; x_wconf 82' lang='lat' dir='ltr'>Jehovam</span> <span class='ocrx_word' id='word_1_417' title='bbox 1559 2643 1714 2690; x_wconf 86' lang='lat' dir='ltr'>Deum</span> <span class='ocrx_word' id='word_1_418' title='bbox 1739 2645 1956 2702; x_wconf 85' lang='lat' dir='ltr'>vestrum,</span> <span class='ocrx_word' id='word_1_419' title='bbox 1981 2660 2031 2691; x_wconf 90' lang='lat' dir='ltr'>ac</span> <span class='ocrx_word' id='word_1_420' title='bbox 2049 2645 2233 2694; x_wconf 80' lang='lat' dir='ltr'>Verum</span> <span class='ocrx_word' id='word_1_421' title='bbox 2251 2663 2331 2711; x_wconf 92' lang='lat' dir='ltr'>per</span> <span class='ocrx_word' id='word_1_422' title='bbox 2348 2647 2474 2695; x_wconf 88' lang='lat' dir='ltr'>Mo·-</span> 
     </span>
     <span class='ocr_line' id='line_1_39' title="bbox 482 2704 1274 2771; baseline 0.003 -19"><span class='ocrx_word' id='word_1_423' title='bbox 482 2704 614 2753; x_wconf 88' lang='lat' dir='ltr'>schen</span> <span class='ocrx_word' id='word_1_424' title='bbox 641 2707 688 2753; x_wconf 86' lang='lat'>&amp;</span> <span class='ocrx_word' id='word_1_425' title='bbox 714 2706 1000 2764; x_wconf 87' lang='lat' dir='ltr'>Aharonem,</span> <span class='ocrx_word' id='word_1_426' title='bbox 1035 2723 1096 2754; x_wconf 89' lang='lat' dir='ltr'>n:</span> <span class='ocrx_word' id='word_1_427' title='bbox 1122 2706 1274 2771; x_wconf 87' lang='lat'>7695.=</span> 
     </span>
    </p>
   </div>
   <div class='ocr_carea' id='block_1_4' title="bbox 483 2771 2472 2903">
    <p class='ocr_par' dir='ltr' id='par_1_8' title="bbox 483 2771 2472 2903">
     <span class='ocr_line' id='line_1_40' title="bbox 551 2771 2472 2844; baseline 0.003 -24"><span class='ocrx_word' id='word_1_428' title='bbox 551 2772 696 2834; x_wconf 90' lang='lat'><strong><em>7697.</em></strong></span> <span class='ocrx_word' id='word_1_429' title='bbox 734 2771 799 2827; x_wconf 89' lang='lat' dir='ltr'>Et</span> <span class='ocrx_word' id='word_1_430' title='bbox 823 2789 942 2821; x_wconf 90' lang='lat' dir='ltr'>nunc</span> <span class='ocrx_word' id='word_1_431' title='bbox 967 2774 1143 2821; x_wconf 86' lang='lat' dir='ltr'>remitte</span> <span class='ocrx_word' id='word_1_432' title='bbox 1183 2773 1340 2837; x_wconf 85' lang='lat' dir='ltr'>quaeso</span> <span class='ocrx_word' id='word_1_433' title='bbox 1365 2788 1600 2837; x_wconf 87' lang='lat' dir='ltr'>peccatum</span> <span class='ocrx_word' id='word_1_434' title='bbox 1642 2792 1796 2824; x_wconf 89' lang='lat' dir='ltr'>meum</span> <span class='ocrx_word' id='word_1_435' title='bbox 1839 2788 2020 2825; x_wconf 88' lang='lat' dir='ltr'>tantum</span> <span class='ocrx_word' id='word_1_436' title='bbox 2062 2777 2143 2824; x_wconf 86' lang='lat' dir='ltr'>hac</span> <span class='ocrx_word' id='word_1_437' title='bbox 2183 2778 2298 2836; x_wconf 89' lang='lat' dir='ltr'>vice,</span> <span class='ocrx_word' id='word_1_438' title='bbox 2333 2779 2472 2844; x_wconf 54' lang='lat' dir='ltr'>quod*</span> 
     </span>
     <span class='ocr_line' id='line_1_41' title="bbox 483 2836 2472 2903; baseline 0.004 -19"><span class='ocrx_word' id='word_1_439' title='bbox 483 2836 707 2898; x_wconf 68' lang='lat' dir='ltr'>significet</span> <span class='ocrx_word' id='word_1_440' title='bbox 744 2854 800 2885; x_wconf 84' lang='lat' dir='ltr'>ne</span> <span class='ocrx_word' id='word_1_441' title='bbox 840 2838 1175 2903; x_wconf 82' lang='lat' dir='ltr'>respiciantad</span> <span class='ocrx_word' id='word_1_442' title='bbox 1215 2839 1588 2896; x_wconf 86' lang='lat' dir='ltr'>inobedientiam,</span> <span class='ocrx_word' id='word_1_443' title='bbox 1631 2842 1803 2891; x_wconf 88' lang='lat' dir='ltr'>constat</span> <span class='ocrx_word' id='word_1_444' title='bbox 1842 2859 1898 2890; x_wconf 85' lang='lat' dir='ltr'>ex</span> <span class='ocrx_word' id='word_1_445' title='bbox 1938 2843 2266 2902; x_wconf 70' lang='lat' dir='ltr'>significatione</span> <span class='ocrx_word' id='word_1_446' title='bbox 2306 2847 2472 2894; x_wconf 89' lang='lat' dir='ltr'>remit--</span> 
     </span>
    </p>
   </div>
   <div class='ocr_carea' id='block_1_5' title="bbox 485 2904 2471 3171">
    <p class='ocr_par' dir='ltr' id='par_1_9' title="bbox 485 2904 2471 3103">
     <span class='ocr_line' id='line_1_42' title="bbox 485 2904 2471 2976; baseline 0.006 -28"><span class='ocrx_word' id='word_1_447' title='bbox 485 2914 595 2958; x_wconf 87' lang='lat' dir='ltr'>tere,</span> <span class='ocrx_word' id='word_1_448' title='bbox 630 2904 757 2966; x_wconf 90' lang='lat' dir='ltr'>quod</span> <span class='ocrx_word' id='word_1_449' title='bbox 797 2904 849 2953; x_wconf 86' lang='lat' dir='ltr'>fit</span> <span class='ocrx_word' id='word_1_450' title='bbox 888 2921 980 2952; x_wconf 89' lang='lat' dir='ltr'>non</span> <span class='ocrx_word' id='word_1_451' title='bbox 1020 2905 1252 2969; x_wconf 87' lang='lat' dir='ltr'>respicere,</span> <span class='ocrx_word' id='word_1_452' title='bbox 1300 2922 1406 2954; x_wconf 88' lang='lat' dir='ltr'>nam</span> <span class='ocrx_word' id='word_1_453' title='bbox 1448 2908 1675 2955; x_wconf 87' lang='lat' dir='ltr'>remittere</span> <span class='ocrx_word' id='word_1_454' title='bbox 1697 2907 1761 2955; x_wconf 89' lang='lat' dir='ltr'>est</span> <span class='ocrx_word' id='word_1_455' title='bbox 1786 2924 1877 2957; x_wconf 88' lang='lat' dir='ltr'>non</span> <span class='ocrx_word' id='word_1_456' title='bbox 1908 2909 2123 2973; x_wconf 88' lang='lat' dir='ltr'>respicere</span> <span class='ocrx_word' id='word_1_457' title='bbox 2163 2913 2220 2959; x_wconf 87' lang='lat' dir='ltr'>ad</span> <span class='ocrx_word' id='word_1_458' title='bbox 2257 2913 2471 2976; x_wconf 81' lang='lat' dir='ltr'>aliquem</span> 
     </span>
     <span class='ocr_line' id='line_1_43' title="bbox 487 2969 2462 3038; baseline 0.006 -25"><span class='ocrx_word' id='word_1_459' title='bbox 487 2982 546 3013; x_wconf 89' lang='lat' dir='ltr'>ex</span> <span class='ocrx_word' id='word_1_460' title='bbox 581 2969 702 3015; x_wconf 84' lang='lat' dir='ltr'>malo</span> <span class='ocrx_word' id='word_1_461' title='bbox 742 2969 816 3016; x_wconf 90' lang='lat' dir='ltr'>sed</span> <span class='ocrx_word' id='word_1_462' title='bbox 850 2986 911 3020; x_wconf 83' lang='lat' dir='ltr'>ex</span> <span class='ocrx_word' id='word_1_463' title='bbox 948 2972 1107 3027; x_wconf 64' lang='lat' dir='ltr'>bono,</span> <span class='ocrx_word' id='word_1_464' title='bbox 1142 2973 1192 3020; x_wconf 73' lang='grc' dir='ltr'>δι</span> <span class='ocrx_word' id='word_1_465' title='bbox 1217 2987 1274 3019; x_wconf 88' lang='lat' dir='ltr'>ex</span> <span class='ocrx_word' id='word_1_466' title='bbox 1297 2972 1627 3036; x_wconf 75' lang='lat' dir='ltr'>significatione</span> <span class='ocrx_word' id='word_1_467' title='bbox 1650 2975 1845 3038; x_wconf 57' lang='lat' dir='ltr'>peccati,</span> <span class='ocrx_word' id='word_1_468' title='bbox 1875 2976 2002 3038; x_wconf 87' lang='lat' dir='ltr'>quod</span> <span class='ocrx_word' id='word_1_469' title='bbox 2042 2976 2096 3024; x_wconf 87' lang='lat' dir='ltr'>fit</span> <span class='ocrx_word' id='word_1_470' title='bbox 2137 2976 2462 3036; x_wconf 80' lang='lat' dir='ltr'>inobedientia,</span> 
     </span>
     <span class='ocr_line' id='line_1_44' title="bbox 488 3032 1103 3103; baseline 0.01 -22"><span class='ocrx_word' id='word_1_471' title='bbox 488 3044 538 3081; x_wconf 87' lang='lat' dir='ltr'>ut</span> <span class='ocrx_word' id='word_1_472' title='bbox 561 3047 672 3080; x_wconf 89' lang='lat' dir='ltr'>mox</span> <span class='ocrx_word' id='word_1_473' title='bbox 698 3032 823 3097; x_wconf 88' lang='lat' dir='ltr'>supra</span> <span class='ocrx_word' id='word_1_474' title='bbox 858 3053 917 3084; x_wconf 91' lang='lat' dir='ltr'>n:</span> <span class='ocrx_word' id='word_1_475' title='bbox 958 3038 1103 3103; x_wconf 82' lang='lat'><strong><em>7696.</em></strong></span> 
     </span>
    </p>

    <p class='ocr_par' dir='ltr' id='par_1_10' title="bbox 518 3098 2463 3171">
     <span class='ocr_line' id='line_1_45' title="bbox 518 3098 2463 3171; baseline 0.007 -27"><span class='ocrx_word' id='word_1_476' title='bbox 518 3151 520 3153; x_wconf 34' lang='grc'><strong>,</strong></span> <span class='ocrx_word' id='word_1_477' title='bbox 557 3098 703 3163; x_wconf 83' lang='grc'><strong><em>7698.</em></strong></span> <span class='ocrx_word' id='word_1_478' title='bbox 739 3099 802 3147; x_wconf 88' lang='lat' dir='ltr'>Et</span> <span class='ocrx_word' id='word_1_479' title='bbox 826 3102 1070 3165; x_wconf 85' lang='lat' dir='ltr'>supplicate</span> <span class='ocrx_word' id='word_1_480' title='bbox 1087 3104 1291 3169; x_wconf 72' lang='lat' dir='ltr'>vJehovae</span> <span class='ocrx_word' id='word_1_481' title='bbox 1324 3105 1428 3154; x_wconf 87' lang='lat' dir='ltr'>Deo</span> <span class='ocrx_word' id='word_1_482' title='bbox 1459 3105 1624 3164; x_wconf 81' lang='lat' dir='ltr'>vestro,</span> <span class='ocrx_word' id='word_1_483' title='bbox 1659 3106 1784 3171; x_wconf 85' lang='lat' dir='ltr'>quod</span> <span class='ocrx_word' id='word_1_484' title='bbox 1821 3106 2043 3170; x_wconf 76' lang='lat' dir='ltr'>significet</span> <span class='ocrx_word' id='word_1_485' title='bbox 2087 3109 2463 3167; x_wconf 81' lang='lat' dir='ltr'>intercefflonern,</span> 
     </span>
    </p>
   </div>
   <div class='ocr_carea' id='block_1_6' title="bbox 489 3163 2473 3304">
    <p class='ocr_par' dir='ltr' id='par_1_11' title="bbox 489 3163 2473 3304">
     <span class='ocr_line' id='line_1_46' title="bbox 489 3163 2473 3241; baseline 0.009 -32"><span class='ocrx_word' id='word_1_486' title='bbox 489 3163 660 3219; x_wconf 74' lang='lat' dir='ltr'>constat</span> <span class='ocrx_word' id='word_1_487' title='bbox 681 3179 739 3212; x_wconf 87' lang='lat' dir='ltr'>ex</span> <span class='ocrx_word' id='word_1_488' title='bbox 762 3164 1085 3229; x_wconf 79' lang='lat' dir='ltr'>fignificatione</span> <span class='ocrx_word' id='word_1_489' title='bbox 1109 3171 1355 3238; x_wconf 82' lang='lat' dir='ltr'>supplicare</span> <span class='ocrx_word' id='word_1_490' title='bbox 1379 3173 1602 3236; x_wconf 76' lang='lat' dir='ltr'>Jehovae,</span> <span class='ocrx_word' id='word_1_491' title='bbox 1631 3188 1739 3227; x_wconf 82' lang='lat' dir='ltr'>curn</span> <span class='ocrx_word' id='word_1_492' title='bbox 1763 3173 1816 3223; x_wconf 92' lang='lat' dir='ltr'>fit</span> <span class='ocrx_word' id='word_1_493' title='bbox 1835 3189 1922 3240; x_wconf 86' lang='lat' dir='ltr'>pro</span> <span class='ocrx_word' id='word_1_494' title='bbox 1944 3175 2051 3235; x_wconf 85' lang='lat' dir='ltr'>alio,</span> <span class='ocrx_word' id='word_1_495' title='bbox 2085 3176 2214 3241; x_wconf 93' lang='lat' dir='ltr'>quod</span> <span class='ocrx_word' id='word_1_496' title='bbox 2254 3176 2306 3225; x_wconf 79' lang='lat' dir='ltr'>sit</span> <span class='ocrx_word' id='word_1_497' title='bbox 2330 3178 2473 3227; x_wconf 41' lang='lat' dir='ltr'>interf-</span> 
     </span>
     <span class='ocr_line' id='line_1_47' title="bbox 494 3230 1529 3304; baseline 0.007 -26"><span class='ocrx_word' id='word_1_498' title='bbox 494 3230 644 3290; x_wconf 83' lang='lat' dir='ltr'>eeffio,</span> <span class='ocrx_word' id='word_1_499' title='bbox 681 3241 731 3282; x_wconf 89' lang='lat' dir='ltr'>ut</span> <span class='ocrx_word' id='word_1_500' title='bbox 751 3232 893 3298; x_wconf 87' lang='lat'><em>7396.</em></span> <span class='ocrx_word' id='word_1_501' title='bbox 923 3234 1068 3304; x_wconf 61' lang='lat' dir='ltr'>7461l</span> <span class='ocrx_word' id='word_1_502' title='bbox 1264 3242 1270 3248; x_wconf 82' lang='lat'><em>‘</em></span> <span class='ocrx_word' id='word_1_503' title='bbox 1490 3241 1494 3242; x_wconf 49' lang='lat'><em>⁷</em></span> <span class='ocrx_word' id='word_1_504' title='bbox 1526 3264 1529 3267; x_wconf 94' lang='lat'>·</span> 
     </span>
    </p>
   </div>
   <div class='ocr_carea' id='block_1_7' title="bbox 2315 3311 2460 3378">
    <p class='ocr_par' dir='ltr' id='par_1_12' title="bbox 2315 3311 2460 3378">
     <span class='ocr_line' id='line_1_48' title="bbox 2315 3311 2460 3378; baseline 0 0"><span class='ocrx_word' id='word_1_505' title='bbox 2315 3311 2460 3378; x_wconf 81' lang='lat'><em>7699-</em></span> 
     </span>
    </p>
   </div>
  </div>
 </body>
</html>
