2912 3770
510 198 640 295 398
839 172 2011 289 *Exovzss

498 331 692 397 quisque
714 330 960 396 pecudem,
995 332 1217 395 significat
1237 331 1426 396 quoad
1415 333 1758 382 innocentiam·
1793 331 1850 381 ad
1874 332 2075 382 domum
2093 335 2313 400 patrum,
2328 341 2465 402 pecu:

500 402 607 446 dem
631 399 687 446 ad
710 400 921 454 domum,
969 399 1186 462 significat
1221 399 1468 447 secundum
1501 401 1670 448 bonurn
1702 399 1888 464 speciale
1925 399 2150 471 cujusvis:
2186 403 2236 449 &
2261 403 2293 451 si
2318 405 2468 453 minor

502 465 566 512 est
588 465 752 512 domus
779 480 872 528 prae
895 464 980 512 effe
1005 481 1027 510 a
1051 464 1240 529 pecude,
1277 466 1495 527 significat
1519 466 1549 512 si
1576 467 1749 520 bonum
1783 467 2044 529 particulare
2069 483 2161 515 non
2187 468 2285 515 satis
2309 470 2362 517 sit
2384 486 2469 534 pro

504 531 716 580 innocent
721 533 791 578 ia:
842 532 891 578 ὅτ
914 531 1102 593 accipiet
1125 530 1201 577 ille
1224 532 1274 579 ὅτ
1297 531 1468 580 vicinus
1492 532 1609 584 illius
1631 533 1917 597 propinquus
1939 534 1995 581 ad
2020 535 2213 582 domum
2239 533 2348 597 ejus,
2385 537 2474 597 sig-

470 653 472 658 !
502 597 657 645 nificat
678 596 1047 656 conjunffionem
1070 611 1185 644 cum
1202 597 1326 645 bono
1348 601 1440 646 veri
1465 602 1711 662 proximo:
1748 601 1793 646 in
1819 611 2009 647 numero
2031 601 2305 657 animarum,
2341 601 2398 648 ad
2421 615 2472 648 os

498 664 740 711 comedere
765 663 897 717 illius,
933 662 1241 711 numerabitis
1255 662 1387 727 super
1411 665 1650 728 pecudem,
1685 665 1910 728 fignificat
1932 667 1988 714 fic
2013 667 2333 739 impletionem
2358 667 2469 715 boni

498 745 584 803 pro
609 729 860 776 innocentia
884 744 942 775 ex
966 728 1156 776 totidem
1179 729 1295 776 veris
1319 730 1426 777 boni
1453 731 1701 778 secundum
1722 731 2141 794 appropriationem
2166 731 2291 795 ejus:
2329 732 2471 780 Pecus

500 797 691 856 integra,
730 794 1270 857 fignificatinnocentiam
1290 795 1657 844 immaculatam·
1694 797 1956 854 masculam,
1989 797 2339 874 fignificatquae
2362 798 2471 846 fidei

504 861 764 909 charitatis:
819 860 937 908 filius
960 861 1064 908 anni
1088 861 1173 908 erit
1194 862 1343 918 vobis,
1381 863 1600 925 significat
1631 861 1809 910 statum
1833 862 2051 925 plenum:
2105 881 2163 912 ex
2186 865 2316 927 agnis
2339 865 2388 911 &
2413 880 2471 911 ex

504 928 647 991 capris
685 926 931 989 accipietis,
984 926 1204 1005 significat
1239 897 1413 976 boniim
1454 927 1725 976 innocentiae
1763 929 1949 976 interius
1971 931 2021 978 ὅτ,
2043 931 2266 978 exterius:
2314 931 2363 978 δε
2387 930 2474 977 erit

498 993 631 1041 vobis
652 994 709 1040 acl
732 991 1016 1048 custodiam,
1035 993 1255 1056 significat
1279 1006 1462 1057 tempus
1484 996 1531 1043 δι
1558 995 1724 1042 statum
1749 993 2044 1042 initiationis.
2096 997 2233 1059 usque
2253 995 2310 1042 ad
2335 1012 2473 1060 quar-

498 1073 596 1108 tum
618 1059 848 1107 decimum
874 1059 1053 1116 mensiS,
1089 1058 1307 1120 fignificat
1325 1060 1381 1108 ad
1401 1060 1563 1108 statum
1587 1061 1821 1110 sanctum:
1862 1062 1912 1108 δε
1939 1061 2203 1110 ηιαέὶεὸιιιπ
2227 1061 2348 1109 illam
2372 1077 2475 1110 om-

498 1128 566 1173 nis
602 1125 898 1188 congregatio
934 1138 1077 1173 caetus
1116 1125 1304 1182 Israelis,
1353 1126 1572 1188 significat
1609 1128 1985 1191 praeparationem
2024 1127 2080 1175 ad
2124 1125 2390 1175 fruitionem
2409 1129 2469 1176 ab

498 1192 749 1239 omnibus
740 1207 784 1238 in
809 1193 1049 1238 communi
1082 1192 1160 1255 qui
1197 1193 1255 1240 ab
1280 1192 1478 1241 Ecclesia
1518 1193 1765 1257 spirituali:
1819 1193 1937 1241 inter
1976 1197 2197 1258 vesperas,
2252 1193 2475 1257 significat

499 1256 665 1305 statum
694 1257 908 1305 ultimum
935 1259 982 1305 ὅτ.
1007 1259 1224 1322 primurn.

567 1327 711 1385 7830.
747 1323 1022 1387 Loquimini
1057 1324 1115 1372 ad
1149 1340 1337 1372 omnem
1375 1338 1547 1374 caetum
1581 1324 1767 1380 IsraeliS,
1816 1327 2028 1383 dicend0,
2081 1326 2210 1389 quod
2249 1325 2471 1389 significet

497 1390 726 1437 influxum
764 1404 872 1438 cum
911 1389 1233 1439 informatione
1263 1391 1477 1440 omnium
1501 1391 1583 1456 qui
1607 1393 1664 1439 ab
1688 1391 1885 1441 Ecclesia
1917 1392 2150 1457 spirituali,
2198 1392 2372 1440 constat
2404 1408 2464 1441 ex

496 1455 823 1529 significatione
857 1457 999 1520 loqui,
1035 1457 1160 1519 quod
1185 1456 1239 1504 fit
1261 1456 1474 1514 influxus,
1508 1458 1566 1506 de
1589 1475 1680 1523 qua
1700 1475 1755 1505 n·
1783 1474 1929 1522 2951.
1955 1461 2099 1521 5481.
2132 1472 2302 1520 5743,
2335 1459 2466 1523 quod

497 1524 635 1571 etiam
659 1522 713 1569 sit
737 1520 1017 1578 informatio,
1070 1537 1236 1587 nempe
1259 1521 1319 1570 de
1339 1523 1627 1572 observandis
1648 1540 1754 1573 curn
1777 1525 2039 1582 liberantur,
2088 1536 2213 1587 patet
2240 1540 2262 1571 a
2286 1523 2476 1588 sequen-

498 1588 656 1642 tibus·,
706 1588 756 1636 ὅτ,
779 1602 835 1635 ex
859 1589 1182 1651 significatione
1210 1601 1350 1637 caetus
1385 1589 1572 1646 Israelis,
1619 1591 1744 1655 quod
1777 1591 1860 1641 sirit
1892 1590 2050 1640 omnia
2082 1605 2187 1638 vera
2210 1591 2261 1638 ὅτ,
2284 1591 2439 1639 bona
2428 1608 2481 1640 inv

496 1653 778 1717 complexu;
812 1670 920 1702 nam
945 1670 1024 1717 per
1043 1667 1212 1703 caetum
1248 1654 1418 1703 Israelis
1452 1625 1764 1718 intelliguntur
1798 1673 1958 1705 omnes
1994 1655 2152 1713 tribus,
2203 1671 2312 1721 quae
2348 1658 2476 1721 quod

497 1721 585 1769 fint
619 1720 775 1768 omnia
809 1720 980 1769 veri&
1004 1721 1135 1778 boni,
1183 1721 1259 1769 seu
1293 1722 1451 1769 omnia
1486 1722 1593 1770 fidei
1617 1724 1667 1771 &
1688 1723 1929 1780 charitaniS,
1980 1722 2189 1770 videatur
2226 1738 2286 1770 n.
2326 1725 2472 1786 3858.

497 1787 644 1848 3926.
669 1785 814 1845 4060.
842 1787 1007 1850 6335·
1058 1787 1109 1835 δε
1148 1787 1259 1851 quia
1298 1787 1387 1844 illa,
1437 1803 1520 1851 per
1553 1803 1725 1837 caetum
1767 1788 1939 1838 Israelis
1977 1788 2282 1852 significantur
2305 1789 2385 1852 qui
2410 1790 2471 1853 ab

497 1850 696 1899 Ecclesia
719 1851 938 1914 spirituali
963 1869 1014 1900 n:
1042 1853 1136 1916 633
1144 1866 1190 1916 7,
1241 1867 1348 1900 nam
1383 1868 1487 1900 vera
1511 1855 1562 1902 δε
1585 1855 1703 1903 bona
1725 1853 1892 1902 faciunt
1912 1854 2194 1908 Ecclesiam,
2238 1854 2367 1916 quod
2391 1869 2475 1916 pei·

496 1918 618 1966 filios
635 1916 801 1966 Israelis
819 1918 1157 1982 repraesentetur
1172 1917 1372 1967 Ecclesia
1394 1902 1654 1983 spiritualis,
1686 1920 1969 1968 videaturn·
1989 1918 2135 1981 6426.
2156 1919 2301 1983 6637.
2325 1920 2472 1970 6862.

500 1983 644 2031 6868.
667 1998 811 2049 7035.
839 1984 986 2044 7062.
1013 1986 1159 2047 7ι98.
1185 1999 1329 2047 7201.
1356 2000 1502 2049 72¹5
1530 2001 1674 2048 7223.

563 2051 628 2113 78
631 2065 712 2111 31
746 2049 799 2096 In
823 2049 1004 2098 decimo
1026 2050 1187 2097 mensis
1210 2049 1355 2111 huius,
1388 2050 1514 2114 quod
1539 2052 1759 2114 lignificet
1791 2049 1955 2098 statum
1991 2049 2254 2098 initiationis
2290 2050 2475 2099 interio-

499 2131 618 2172 rum,
653 2113 823 2163 constat
846 2131 904 2164 ex
927 2115 1253 2180 significatione
1275 2116 1460 2173 decimi,
1509 2132 1675 2184 nempe
1706 2116 1816 2173 diei,
1862 2116 1997 2181 quod
2028 2117 2082 2165 fit
2115 2116 2252 2164 status
2291 2116 2479 2165 interio-

499 2190 620 2237 rum,
669 2197 749 2245 per
787 2181 914 2230 diem
949 2185 1074 2230 enim
1113 2181 1390 2244 significatur
1424 2182 1578 2239 status,
1613 2199 1674 2231 ri·
1700 2198 1781 2245 23.
1801 2185 1909 2244 487.
1940 2185 2055 2244 488.
2078 2177 2193 2245 493.
2220 2182 2331 2245 576.
2359 2186 2474 2246 893.

503 2250 646 2308 1738.
674 2250 816 2311 2788.
845 2249 989 2311 3462.
1021 2250 1163 2311 3785.
1190 2250 1338 2308 4850.
1364 2249 1512 2313 5672,
1557 2249 1607 2296 ὅτ
1630 2263 1709 2312 per
1731 2249 1891 2296 decem
1916 2245 2223 2311 significantur
2246 2249 2474 2312 reliquiae,

497 2328 555 2360 n:
582 2314 694 2376 576.
722 2329 737 2359 ι
747 2314 863 2378 906
885 2318 1031 2373 2284,
1068 2314 1154 2361 hoc
1169 2312 1265 2369 est,
1286 2329 1389 2361 vera
1407 2315 1457 2361 δε
1478 2313 1625 2363 bona
1613 2330 1660 2361 in
1681 2314 1963 2362 interioribus
1987 2314 2188 2362 hominis
2210 2329 2235 2361 a
2261 2313 2473 2362 Domino

498 2379 746 2436 recondita,
786 2395 847 2426 n·
877 2394 1017 2441 1050.
1042 2374 1182 2442 1906.
1205 2382 1347 2438 2284.
1370 2395 1515 2441 5135.
1528 2384 1680 2444 5897.
1703 2380 1846 2441 7560.
1868 2381 2031 2454 7564,
2067 2379 2244 2444 &quia
2265 2378 2476 2442 reliquiae
2576 2369 2578 2372 ⁵

497 2445 636 2493 sunt
626 2461 672 2492 in
697 2445 1000 2502 interioribus,
1046 2445 1095 2492 &
1121 2445 1263 2493 homo
1285 2460 1365 2508 per
1390 2444 1485 2494 illas
1507 2457 1784 2509 praeparatut·
1800 2444 2068 2493 &initiatur
2084 2445 2141 2494 ad
2159 2445 2478 2509 recipiendum

498 2511 676 2560 bonum
701 2514 751 2560 ὅτ
772 2527 932 2560 verum
957 2529 983 2559 a
1006 2511 1235 2566 Domino,
1289 2511 1394 2558 ideo
1416 2526 1496 2575 per
1517 2511 1750 2559 decimum
1784 2511 1910 2559 diem
1934 2511 2008 2559 hic
2033 2510 2314 2585 significatur
2335 2509 2476 2559 status

498 2576 768 2625 initiationis
792 2578 1089 2626 interiorum:
1127 2577 1251 2641 quod
1279 2576 1421 2625 homo
1444 2593 1523 2641 per
1544 2577 1754 2642 reliquias
1777 2591 2076 2640 regeneretur,
2111 2574 2336 2640 proind‘e
2324 2576 2478 2624 initie-

500 2654 575 2691 tur
608 2644 665 2691 ad
706 2644 1014 2707 recipiendum
1060 2643 1287 2691 influxum
1328 2643 1436 2690 boni
1469 2644 1519 2691 &
1549 2645 1643 2691 veri
1666 2660 1691 2692 a
1714 2644 1943 2700 Domino,
1992 2643 2203 2691 videatur
2237 2658 2296 2689 n.
2325 2656 2473 2704 5342.

500 2711 648 2772 5898.
673 2709 821 2770 6ι56,
858 2711 908 2757 δε
931 2708 1056 2774 quod
1075 2725 1155 2773 per
1172 2709 1267 2756 illas
1291 2709 1432 2756 homo
1453 2709 1770 2758 communicet
1791 2724 1898 2757 curn
1922 2709 2059 2764 ooelo,
2094 2725 2151 2756 n:
2174 2709 2328 2772 7560,
2364 2723 2475 2756 nam

500 2775 623 2822 bona
647 2774 696 2821 ὅτ
719 2791 824 2822 vera
847 2775 919 2822 illa
942 2776 1045 2823 sunt
1066 2793 1093 2824 a
1115 2776 1343 2831 Domino,
1378 2777 1428 2824 &
1450 2791 1541 2824 non
1566 2776 1623 2823 ab
1647 2774 1853 2833 homine,
1889 2791 1942 2822 n:
1969 2773 2140 2837 7564,
2169 2787 2249 2838 per
2265 2773 2474 2822 mensem

506 2839 773 2902 intelligitur
795 2837 929 2889 status
953 2844 1128 2902 integer
1151 2858 1177 2889 a
1202 2842 1428 2916 principio
1446 2842 1502 2889 ad
1526 2842 1665 2891 finem
1690 2840 1801 2904 ejus,
1838 2856 1895 2887 n:
1925 2843 2073 2903 3814,
2110 2841 2174 2887 ita
2195 2838 2330 2887 status
2349 2850 2477 2888 totus

502 2904 815 2964 liberationis,
824 2909 903 2970 qui
930 2923 1010 2970 per
1034 2907 1244 2955 Paesach
1235 2924 1277 2954 in
1296 2907 1543 2972 complexu
1566 2907 1869 2982 significatur:
1902 2920 1962 2953 ex
1978 2906 2048 2953 his
2067 2916 2207 2969 patet,
2243 2905 2371 2968 quod
2394 2921 2476 2969 per

503 2971 551 3020 in
574 2972 758 3020 decimo
782 2974 943 3021 mensis
968 2972 1095 3035 hujus
1120 2973 1392 3034 significetur
1415 2974 1549 3022 status
1582 2972 1850 3030 initiationis
1883 2971 2181 3020 interiorum.
2230 2972 2302 3018 hic
2317 2970 2475 3028 statua,

501 3054 671 3101 nempe
694 3038 958 3089 initIationis
984 3039 1270 3096 interiorum,
1306 3051 1402 3087 erat
1423 3056 1449 3087 a
1469 3040 1545 3087 die
1571 3039 1753 3087 decimo
1776 3038 1939 3086 mensis
1960 3037 2080 3086 illius
2104 3031 2245 3101 usque
2265 3038 2321 3084 ad
2344 3037 2474 3084 diem

502 3104 737 3152 decimum
768 3116 982 3169 quartum
1005 3103 1114 3170 ejus,
1133 3105 1245 3152 intra
1266 3121 1382 3170 quos
1403 3105 1500 3152 dies
1523 3120 1660 3169 pecus
1683 3102 1931 3168 paschalis
1922 3119 1966 3150 in
1990 3103 2190 3151 custodia
2213 3103 2353 3155 effet·
2390 3117 2475 3166 per

501 3171 726 3236 pecudem
761 3171 1010 3238 paschalem
1051 3170 1327 3234 significatur
1361 3172 1534 3222 bonum
1578 3170 1868 3229 innocentiae,
1902 3169 2062 3235 quod
2053 3169 2274 3219 intimum
2291 3167 2373 3223 est,
2410 3168 2477 3281 itg

2338 3237 2436 3299 quo
