2912 3770
480 213 877 290 CAPUT
935 155 1519 293 DECIMUM
1570 171 2180 304 QUINTUM.
2267 235 2405 307 549

401 339 618 389 duxisti'
607 358 652 389 in
674 342 978 392 misericordia
996 357 1071 393 tua
1093 344 1320 409 populum
1340 344 1494 401 illum,
1527 343 1750 408 fignificat
1764 343 1994 392 Divinum
2015 340 2245 393 influxum
2267 345 2392 408 apud

407 404 512 455 illos
534 409 618 472 qui
650 410 954 458 abstinuerant
975 427 1000 458 a
1033 411 1163 460 malis
1184 413 1234 460 δι’.
1257 411 1316 459 fic
1338 410 1597 474 receperant
1619 413 1825 460 bonum:
1879 409 2127 468 redemisti,
2162 411 2389 471 fignificat

407 489 526 537 quos
549 476 757 523 liberavit
776 478 835 525 ab
859 476 1064 525 inferno:
1110 477 1382 526 deduxisti
1371 494 1417 524 m
1447 478 1608 527 virtute
1633 491 1710 526 tua
1731 477 1787 524 ad
1812 476 2121 527 habitaculum
2147 476 2389 527 sanctitatis

406 551 523 666 tlgae,
555 541 779 604 fignificat
799 543 949 609 quod
950 543 1127 592 Divina
1161 543 1356 592 Domini
1381 545 1587 608 potentia
1609 543 1859 593 elevaverit
1901 543 2002 590 illos
2040 545 2098 591 ad
2135 543 2346 591 coelum
2334 560 2393 591 m

462 622 643 654 lvmum
668 609 747 656 ibi.

415 709 418 711 -
477 675 504 719 8
512 690 622 734 30¹
660 675 778 738 Qis
811 675 921 722 ficut
943 675 1023 722 Tu
1057 678 1103 722 in
1136 674 1224 722 diis
1247 674 1476 735 Jehovah,
1515 675 1695 739 quodi
1668 675 1891 737 fignificet
1911 672 2036 739 quod
2058 689 2199 730 omne
2222 690 2394 724 verum.

405 736 518 787 boni
540 754 565 784 a
588 739 764 787 Divino
787 741 1013 788 Humano
1038 741 1234 788 Domini
1269 741 1498 806 procedat,
1533 741 1706 788 constat
1723 756 1780 788 ex
1804 740 2134 803 significatione
2166 741 2393 799 deorum,

405 804 533 867 quod
556 804 643 851 fint
665 821 794 862 vera,
820 806 877 852 de
902 823 991 871 qua
1018 823 1080 852 n·
1101 823 1249 866 4402.
1277 808 1420 883 7268.
1448 810 1596 872 7873,
1643 807 1718 854 hic
1739 822 1842 858 vera
1864 822 1921 854 ex
1944 808 2085 863 bono,
2121 809 2231 871 quia
2254 822 2386 854 com-

405 870 581 933 paratio
597 872 656 924 fit
678 886 783 918 cum
803 872 1033 934 Jehovah,
1069 871 1237 920 dicitur
1257 875 1399 930 enim,
1435 873 1538 937 quis
1563 873 1675 921 ficut
1692 874 1809 920 Tu
1798 889 1844 920 in
1861 873 1949 921 diis
1972 872 2220 935 jehovah3
2255 874 2393 938 quod·

407 937 655 999 Jehovah‘
643 954 691 983 m
708 937 864 985 Verbo
888 938 940 986 fit
965 939 1217 994 Dominus,
1253 939 1460 986 videatur
1481 955 1538 985 n.
1570 955 1713 1002 1343.
1737 941 1878 1001 1736.
1905 954 2051 1003 2921.
2073 954 2218 1002 3023.
2236 950 2385 1003 3035.

405 1019 553 1063 5041.
588 1003 746 1067 '.5663
788 1004 934 1054 6280.
981 1005 1127 1054 6281
1175 1005 1321 1067 6303.
1370 1006 1516 1069 6905.
1567 1006 1714 1069 6945.
1764 1004 1929 1068 6956:
1982 1006 2110 1068 quod
2149 1006 2398 1053 Divinum

407 1069 694 1116 Humanum
718 1085 796 1132 per
810 1070 1041 1130 Jehovam
1081 1070 1155 1118 bic
1179 1071 1476 1133 intelligatur,
1513 1070 1577 1117 est
1597 1073 1707 1134 quia
1731 1070 1775 1117 in
1801 1070 1889 1118 hoc
1906 1070 2098 1117 Cantico
2135 1071 2286 1134 agitur
2324 1073 2394 1118 de

405 1134 653 1183 salvatione
678 1137 873 1184 illorum
884 1138 963 1200 qui
986 1137 1043 1184 ab
1068 1136 1263 1184 Ecclesia
1298 1136 1531 1200 spirituali,
1567 1152 1648 1199 per
1666 1136 1919 1184 adventum
1947 1136 2167 1184 Domini
2179 1139 2223 1184 in
2249 1153 2391 1184 mun

406 1192 545 1257 dum,
578 1202 629 1248 ὅτ.
665 1215 772 1249 tunc
807 1218 887 1264 per
924 1203 1152 1251 Divinum
1189 1202 1468 1250 Humanum
1504 1203 1665 1271 IpfiuS,
1713 1202 1923 1251 videatur
1956 1218 2016 1249 n:
2055 1203 2198 1250 2661.
2237 1201 2383 1264 2716.

407 1262 499 1316 28
476 1284 553 1330 3.
581 1270 724 1330 2834.
751 1269 901 1334 6372:
924 1269 1068 1330 6854
1095 1270 1242 1332 6914.
1270 1283 1416 1332 7035.
1445 1284 1566 1333 7091
1596 1269 1693 1316 fin:
1719 1271 1863 1331 7828.
1892 1283 2038 1331 793²·
2066 1271 2210 1317 8018.
2238 1272 2383 1331 8054.

406 1333 551 1397 Qod
578 1348 656 1396 per
689 1334 762 1382 illa
786 1335 924 1381 verba
947 1334 1241 1398 significetur,
1276 1335 1403 1399 quod
1426 1350 1563 1382 omne
1588 1349 1749 1382 verum
1773 1334 1882 1382 boni
1905 1351 1930 1382 a
1955 1333 2131 1381 Divino
2156 1334 2389 1382 Humano

404 1400 604 1447 Domini
637 1401 871 1464 procedat,
907 1399 971 1447 est
1029 1418 1102 1450 uia
1126 1417 1228 1448 vera
1252 1401 1495 1465 procedere
1519 1401 1702 1464 poffunt
1724 1417 1750 1448 a
1772 1401 2147 1476 quibuscunque,
2171 1400 2247 1448 sed
2280 1416 2393 1448 vera

400 1466 516 1519 boni
543 1481 633 1512 non
669 1466 751 1514 nifi
774 1483 915 1531 quam
937 1483 963 1513 a
980 1402 1208 1524 floinino,
1243 1467 1574 1544 consequenter
1599 1468 1657 1514 ab
1679 1467 1768 1514 illis
1792 1467 1874 1530 qui
1900 1467 1946 1514 in
1973 1467 2096 1514 bono
2114 1466 2215 1514 sunt
2247 1482 2272 1513 a
2289 1468 2393 1514 Do«

407 1531 567 1579 mino:
606 1528 711 1579 vera
737 1533 935 1596 separata
956 1548 980 1580 a
1002 1533 1129 1581 bono
1160 1534 1299 1580 etiam
1334 1536 1542 1596 cogitant
1564 1533 1889 1598 &loquuntur
1912 1532 1974 1580 illi
1999 1532 2079 1596 qui
2106 1532 2149 1580 in
2175 1533 2265 1579 fide
2288 1548 2398 1597 per·

406 1597 576 1652 suafiva
599 1597 714 1655 sunt,
751 1599 801 1647 ὅτ
819 1598 997 1663 usque
986 1615 1032 1647 m
1050 1600 1144 1648 vita
1168 1599 1295 1655 mali,
1330 1599 1380 1647 δε
1399 1615 1588 1664 quoque
1607 1600 1760 1662 plures
1774 1599 1874 1647 alii
1865 1612 1979 1646 intra
2000 1597 2270 1655 Ecclesiam,
2308 1598 2386 1646 led

408 1663 485 1711 illa
509 1679 614 1711 vera
639 1680 730 1712 non
752 1665 853 1713 sunt
888 1665 1015 1722 boni,
1053 1667 1116 1714 ita
1150 1681 1239 1713 non
1275 1666 1530 1729 procedunt
1561 1681 1585 1712 a
1611 1665 1843 1722 Domino,
1879 1664 1953 1712 sed
1976 1664 2034 1711 ab
2054 1664 2174 1727 ipfis.
2243 1664 2388 1730 Qod

406 1731 532 1779 Vera
553 1746 612 1778 ex
629 1731 752 1779 bono
775 1733 1023 1796 procedant
1039 1748 1062 1779 a
1083 1732 1315 1787 Domino,
1349 1731 1548 1780 constare
1566 1731 1712 1796 potest
1734 1747 1792 1779 ex
1815 1746 1888 1786 eo,
1923 1730 2051 1797 quod
2075 1730 2307 1779 Dominus
2327 1731 2398 1780 fit·

405 1795 565 1860 Ipsum
583 1797 781 1855 Bonum,
817 1798 924 1862 quia
946 1797 1012 1845 est
1028 1797 1129 1862 Ipse
1143 1799 1312 1854 Amor,
1346 1801 1403 1845 ab
1422 1798 1533 1846 Hoc
1550 1796 1754 1862 procedit
1768 1798 1959 1852 Verum,
1995 1796 2102 1844 ficut
2120 1796 2199 1843 lux
2213 1813 2239 1843 a
2257 1797 2397 1845 flam·

407 1878 486 1912 ma
508 1862 644 1918 solis3
679 1833 834 1928 estq'ue
855 1864 941 1912 hoc
964 1865 1142 1912 Verum
1170 1864 1281 1913 ficut
1304 1864 1385 1912 lux
1409 1876 1615 1927 tempore
1636 1863 1750 1911 veris
1775 1864 1824 1912 δε
1841 1861 2023 1920 aestatiS,
2058 1878 2167 1926 quae
2189 1863 2256 1910 cal
2258 1879 2398 1917 orem.-

408 1928 455 1978 in
479 1929 577 1977 finu
602 1929 752 1985 habet,
788 1928 961 1978 &facit
979 1943 1032 1978 ut
1054 1931 1209 1978 omnia
1226 1929 1399 1978 telluris
1423 1931 1549 1993 quasi
1568 1931 1708 1977 vitam
1726 1928 1978 1992 accipiant,
2014 1942 2060 1976 at
2077 1944 2252 1978 verum
2258 1929 2399 1993 quod

408 2010 502 2044 non
525 2011 583 2042 ex
606 1996 747 2052 bono,
781 1996 844 2043 est
870 1996 980 2044 ficut
1013 1997 1094 2044 lux
1117 2010 1321 2060 tempore
1341 1996 1537 2057 hyemiS,
1579 1995 1762 2058 quando
1786 1996 1941 2043 omnia
1966 1994 2136 2042 telluris
2158 1997 2400 2042 emoriunm

408 2074 500 2110 tur.
527 2057 715 2122 Quod
747 2061 814 2108 dii
845 2061 931 2109 sint
953 2077 1055 2109 vera
1090 2063 1214 2116 boni,
1247 2061 1311 2109 est
1337 2064 1443 2125 quia
1469 2078 1547 2124 per
1562 2061 1703 2108 deos
1695 2078 1739 2108 in
1774 2062 1898 2108 bono
1921 2061 2044 2108 senlu
2071 2060 2397 2123 intelliguntur

410 2112 607 2189 Angeli,
644 2127 726 2191 qui
759 2127 824 2175 dii
848 2128 1078 2184 dicuntur,
1113 2129 1217 2192 quia
1243 2125 1345 2175 sunt
1369 2126 1623 2175 substantiae
1649 2127 1722 2175 seu
1746 2127 1910 2175 sormae
1934 2126 2198 2190 recipientes
2220 2128 2314 2174 veri
2340 2127 2398 2175 in⁸

409 2209 505 2258 quo
527 2194 701 2241 bonum
724 2208 751 2239 a
771 2194 992 2241 Domino.
1063 2194 1233 2257 Angeli
1251 2194 1442 2257 proinde
1467 2209 1571 2240 vera
1588 2194 1696 2241 boni
1720 2209 1830 2257 quae
1851 2211 1873 2240 a
1896 2195 2126 2249 Domino,
2161 2194 2300 2240 etiam
2320 2191 2389 2240 in-

413 2259 688 2326 telliguntur
711 2275 790 2322 per
810 2258 955 2307 deos
944 2276 990 2306 in
1017 2259 1084 2308 his
1104 2261 1241 2315 locis;
1279 2260 1402 2321 apud
1426 2260 1703 2307 Davidem
1707 2261 1869 2307 ‘Deus
1887 2259 2123 2307 confistit
2104 2275 2149 2305 tn
2171 2268 2281 2306 caetu
2298 2260 2401 2308 Dei--

407 2327 457 2374 in
477 2326 605 2374 medio
624 2325 791 2374 deorum
812 2323 1070 2389 judicabit.
1124 2325 1234 2389 Ego
1257 2325 1374 2382 dixi,
1411 2325 1475 2374 dii
1501 2341 1594 2380 vos,
1630 2326 1680 2373 &
1697 2325 1797 2379 filii
1823 2325 2041 2373 Altiffimi
2066 2341 2225 2373 omnes
2250 2326 2365 2372 vos’
2392 2340 2395 2342 ·

409 2392 832 2444 Psalm.1.xxx11:
863 2406 912 2442 1.
933 2393 983 2449 6,
1005 2393 1132 2457 quod
1159 2395 1243 2439 {int
1266 2409 1378 2440 vera
1393 2408 1500 2456 quae
1524 2392 1780 2455 procedunt
1801 2407 1828 2438 a
1846 2392 2052 2439 Domino
2075 2407 2185 2455 quae
2209 2391 2283 2439 hic
2306 2408 2398 2455 per·

406 2453 528 2507 deos
541 2455 870 2520 intelliguntur,
904 2459 1074 2506 constat
1106 2474 1166 2504 ex
1195 2474 1269 2515 eo,
1306 2460 1433 2522 quod
1459 2458 1662 2519 primum
1685 2456 1860 2504 dicatur
1883 2471 2021 2505 caetus
2048 2457 2173 2504 Dei
2163 2473 2208 2503 in
2235 2457 2388 2520 fingu-

405 2524 504 2580 lari,
542 2525 591 2571 &
617 2523 802 2585 postea
791 2539 837 2570 in
861 2525 1014 2582 medio
1036 2524 1263 2578 deorum-3
1298 2524 1423 2587 quod
1452 2524 1575 2571 Deus
1595 2522 1802 2570 dicatur
1793 2539 1838 2570 in
1858 2523 2031 2579 Verbo,
2067 2523 2143 2570 ubi
2160 2523 2312 2586 agitur
2327 2524 2396 2572 de·

405 2590 550 2645 Vero,
587 2589 793 2636 videatur
819 2606 877 2635 n:
922 2591 1065 2652 2769.
1095 2593 1240 2653 2807.
1269 2594 1413 2638 28222.
1442 2603 1588 2652 3921.
1613 2592 1762 2652 4287.
1788 2604 1938 2648 4402.
1964 2603 2138 2654 70103
2182 2591 2232 2637 &
2255 2591 2397 2653 quod·

405 2654 568 2704 Deus
560 2672 602 2701 in
629 2655 841 2717 supremo
866 2655 988 2702 semu
1015 2657 1066 2702 fit
1091 2656 1317 2703 Divinum
1344 2671 1505 2702 verum
1543 2654 1788 2717 procedens
1815 2671 1840 2701 a
1866 2655 2095 2709 Domino,
2147 2671 2207 2701 n.-
2241 2656 2395 2714 7268.

409 2721 553 2782 Apud
580 2721 845 2768 Eundem‘
850 2721 1153 2769 ‘Confitebor
1170 2722 1310 2768 Tibi
1302 2738 1344 2768 in
1362 2735 1459 2768 toto
1476 2721 1612 2768 corde
1633 2736 1752 2775 meo,
1788 2736 1930 2767 coram
1953 2719 2032 2767 diis
2050 2719 2226 2780 psallam
2243 2721 2394 2770 ‘Tibi’

410 2786 592 2835 Psalm·
582 2823 592 2833 .
617 2802 873 2834 cxxxvul·
862 2823 873 2833 .
908 2805 948 2836 1.
1019 2788 1163 2851 Apud
1189 2787 1458 2835 Eundem‘
1464 2786 1598 2834 ‘Non
1622 2786 1675 2847 est
1687 2786 1732 2845 s
1732 2795 1802 2833 cut
1816 2786 1860 2832 T
1853 2803 1882 2834 u
1899 2789 2010 2833 inter
2027 2786 2138 2842 deos,
2141 2788 2350 2834 ..Domine
2358 2791 2403 2813 ”⁴

410 2851 944 2901 Psalm.1.xxxv1:8.
1015 2853 1157 2916 Apud
1184 2853 1398 2901 Eundem
1451 2853 1631 2899 “Deus
1656 2868 1844 2914 magnus
1866 2851 1934 2898 est
1953 2852 2191 2915 Jchovah,
2219 2856 2268 2901 δε
2295 2855 2393 2901 Rex

411 2933 590 2977 magnus
595 2919 735 2982 fiaeper
756 2935 896 2966 omnes
917 2918 1059 2966 ἆσθμ’
1105 2919 1290 2971 Plalm:
1313 2935 1434 2966 xcv·
1462 2937 1505 2982 3.
1578 2920 1661 2980 Ap
1664 2918 1726 2964 ud
1729 2890 1969 2965 &Eundem
2024 2918 2169 2965 ‘Tu-
2179 2918 2390 2978 Jehovah

411 2982 543 3046 snper
563 2998 761 3033 ornnem
778 3001 958 3042 terram,
996 2985 1122 3034 valde
1145 2986 1358 3034 exaltatus
1379 3000 1422 3033 es
1433 2985 1566 3046 super
1587 3000 1732 3031 omnes
1741 2982 2388 3050 deos”Psalm.·1cv11.·9
2429 3010 2436 3013 s

410 3048 566 3119 Apud
585 3048 801 3100 Eundem
861 3052 1023 3115 “Ego
1057 3052 1165 3098 novi
1202 3051 1325 3115 quod
1350 3065 1552 3112 magnus
1566 3048 1794 3110 Jehovah,
1834 3048 1883 3097 &
1907 3051 2128 3098 Dominus
2148 3050 2282 3111 noster
2295 3064 2396 3112 prae
2475 3040 2484 3046 ’

409 3112 601 3165 omnibies
614 3114 748 3175 diis”
784 3117 966 3167 Psalm.·
989 3133 1186 3170 cxxxv:
1205 3133 1272 3181 5³
1307 3116 1414 3167 inde
1430 3117 1570 3166 etiam
1589 3115 1803 3180 Jehovah
1823 3115 2056 3165 Dominus
2074 3115 2392 3232 domigrgzr„

1858 3216 1861 3217 ν
2346 3197 2407 3233 usa
