2912 3770
464 243 600 312 372
918 220 994 290 *E
1125 216 1212 288 X
1337 221 1392 288 0
1521 216 1631 290 JD'
1746 216 1822 284 U
1948 215 2013 284 S.
2047 266 2049 269 -

454 345 711 416 homini33
753 343 912 418 ipsum
939 345 1152 415 bonum,
1190 344 1330 414 quod
1354 342 1528 398 influit
1552 360 1580 395 a
1602 340 1848 410 Domin0‚
1885 343 2105 412 adoptat
2126 339 2199 394 ibi
2222 340 2433 414 Verum,

456 432 513 473 ac
541 420 636 472 fibi
660 418 956 490 appropriat
981 419 1121 486 illud,
1158 417 1212 470 δί
1242 416 1306 470 fic
1328 416 1448 470 facit
1473 428 1532 479 ut
1557 417 1692 487 apud
1734 414 1990 469 hominem
2027 415 2309 479 bonumfit
2331 417 2433 470 bo-

460 512 609 561 num,
641 510 696 545 ac
721 504 781 544 ut
810 508 979 544 verum
1006 490 1071 542 fit
1098 503 1297 558 verum,
1321 488 1403 543 stu
1431 490 1568 559 quod
1589 490 1801 542 charitas
1827 488 1890 540 fit
1912 489 2123 541 charitas
2144 487 2200 540 ὅζ
2225 487 2348 542 fides
2371 489 2438 543 fit

459 564 587 619 fides
609 587 624 635 3
666 564 851 634 absque
875 565 956 615 illa
980 562 1322 634 conjunctione
1343 564 1556 616 charitas
1580 581 1683 615 non
1707 563 1777 616 est
1801 562 2031 630 charitas,
2054 559 2136 614 scd
2160 563 2314 615 modo
2339 556 2441 635 bos-

452 641 590 691 nitas
617 638 855 690 naturalis
876 658 893 705 3
933 655 1022 689 nec
1046 636 1169 689 fides
1187 636 1256 689 est
1275 635 1418 705 fides,
1458 634 1541 689 sed
1567 637 1721 690 modo
1743 634 1942 688 scientia
1966 636 2148 687 talium
2166 653 2287 704 quae
2322 633 2444 687 fidei

452 711 599 780 sunt,
640 711 694 763 ὃῖ
714 710 1015 781 quandoque
1039 709 1285 782 persuasio
1310 704 1446 780 quod
1473 710 1544 762 ita
1559 709 1649 780 fit,
1687 720 1900 781 propter
1920 708 2440 777 faenerationemlucri

457 797 546 837 aut
568 786 787 837 honoriS.
2264 810 2269 815 ν

535 875 600 927 77
606 860 691 926 58.
736 857 927 909 Verum
952 874 1062 910 cum
1087 854 1403 927 conjunctum.
1431 857 1502 910 est
1540 857 1699 925 bon0,
1738 868 1844 908 non
1883 856 2098 925 amplius
2137 854 2324 908 dicitur
2348 872 2444 908 ve-

460 949 594 999 rum,
629 930 708 984 sed
731 931 958 999 bonum,
999 932 1070 982 ita
1094 928 1217 983 fides
1241 947 1358 983 cum
1387 928 1645 1001 conjunc'ta
1669 929 1740 981 est
1782 929 2039 998 charitati,
2075 946 2178 979 non
2219 929 2444 997 amplius·

461 1004 648 1057 dicitur
671 1003 793 1056 fides
818 1004 899 1056 sed
927 1004 1140 1056 charitas
1161 1025 1176 1071 3
1216 1002 1353 1057 causa
1377 1005 1467 1072 est,
1505 1005 1621 1073 quia
1643 1005 1800 1056 homo
1829 1014 1956 1055 tunc
1981 1000 2182 1076 vult&
2205 999 2451 1062 facitve-

459 1095 590 1145 ffum,
632 1077 687 1130 ὃζ
701 1076 846 1146 ηιιοά
868 1076 988 1131 vult
1013 1076 1067 1129 8<
1083 1076 1220 1144 facit,
1239 1078 1337 1129 hoc
1361 1077 1781 1141 dicitur'bonum.
2237 1109 2242 1110 ν

538 1166 604 1218 77
609 1169 643 1217 5
650 1169 696 1223 9.
735 1149 871 1201 Cum
893 1148 1240 1221 conjunctione
1260 1150 1388 1201 boni
1413 1149 1673 1203 charitatis
1695 1167 1809 1203 cum
1835 1166 1956 1203 vero
1981 1146 2099 1201 fidei
2127 1146 2200 1199 ita
2223 1144 2376 1218 porro
2400 1145 2449 1200 se

464 1225 656 1292 habet,
707 1223 901 1276 bonum
927 1223 1047 1274 illud
1071 1222 1216 1275 suum
1239 1217 1388 1294 quale
1402 1218 1694 1276 nanciscitui
1709 1242 1736 1278 a
1753 1239 1898 1291 vero,
1922 1221 1979 1275 δί
1995 1231 2174 1275 verum
2190 1218 2456 1273 effentia-m·
2545 1244 2549 1246 *

467 1296 615 1351 suam
644 1314 671 1347 a
687 1298 861 1367 bono,
902 1297 1019 1349 inde
1040 1295 1280 1368 sequitur,
1320 1294 1456 1367 quod
1472 1297 1617 1367 quale
1652 1296 1775 1350 boni
1817 1295 1880 1349 fit
1903 1292 2168 1353 secundum
2193 1310 2310 1347 vera
2332 1311 2449 1346 cum

467 1370 647 1440 quibus
673 1371 1001 1441 conjungitur
1023 1387 1226 1440 :sequare
1251 1371 1445 1422 bonum
1473 1371 1748 1439 genuinum
1773 1369 1872 1437 fit3
1913 1367 1951 1420 fi
1978 1385 2111 1438 vera,
2136 1385 2247 1420 cum
2270 1366 2455 1437 quibus

470 1444 812 1514 conjungitur,
857 1445 1071 1513 genuina
1102 1442 1259 1496 sunt:
1303 1457 1418 1496 vera
1452 1441 1571 1496 fidei
1614 1444 1825 1516 genuina
1864 1444 2000 1505 intra
2034 1439 2306 1494 Ecclesiam
2344 1440 2462 1492 dariv

470 1516 706 1588 pofl'unt,
745 1533 849 1569 non
877 1517 948 1568 ita
973 1528 1115 1570 extra
1136 1517 1290 1583 illam,
1328 1533 1442 1569 nam
1465 1515 1599 1570 intra
1619 1516 1888 1570 Ecclesiam
1910 1514 2248 1569 estiverbum.

546 1589 707 1660 7760.
740 1588 989 1643 Praeterea
1011 1591 1206 1643 bonum
1232 1589 1490 1643 charitatis
1509 1592 1665 1644 etiam
1686 1590 1832 1660 quale
1866 1586 2009 1641 suum
2032 1589 2214 1660 accipit
2252 1604 2280 1638 a
2305 1585 2452 1656 copia

473 1681 710 1718 verorum
733 1661 852 1717 fidei
872 1685 887 1733 3
931 1675 1045 1716 tum
1069 1681 1273 1734 quoque
1297 1681 1325 1715 a
1351 1680 1483 1717 nexu
1505 1666 1650 1718 unius
1672 1663 1775 1718 veri
1798 1680 1915 1716 cum
1937 1664 2127 1717 altero:
2168 1662 2240 1714 ita
2262 1657 2451 1712 forma-

473 1748 561 1790 tur
588 1738 787 1790 bonum
811 1735 1069 1805 spirituale
1091 1738 1225 1807 apud
1247 1738 1520 1790 hominem.
2336 1756 2343 1763 ’
2522 1734 2528 1739 ’

554 1808 719 1879 7761.-
751 1808 918 1861 Probe
936 1809 1342 1880 distinguendum
1365 1811 1436 1862 est
1459 1811 1591 1864 inter
1624 1811 1819 1863 bonum
1855 1807 2137 1880 spirituale,
2175 1808 2232 1862 δί
2257 1810 2452 1863 bonum

477 1884 735 1952 naturale,
764 1883 955 1934 bonum
968 1880 1223 1953 spirituale
1239 1881 1379 1935 suum
1400 1883 1550 1954 quale
1563 1883 1721 1936 habet
1743 1901 1771 1935 a
1787 1885 1915 1938 veris
1939 1882 2078 1951 fidei,
2102 1899 2271 1934 eorum
2294 1883 2458 1954 copia,

480 1957 538 2008 ὅζ
565 1973 718 2022 nem,
757 1967 818 2009 ut
843 1954 1034 2019 dictum
1058 1958 1160 2025 est,
1200 1957 1398 2009 bonum
1419 1968 1591 2017 autem
1615 1958 1841 2010 naturale
1864 1954 2193 2023 connascitur,
2230 1955 2289 2007 ὃ(
2324 1972 2457 2023 quo-

479 2047 579 2100 que
601 2029 768 2082 existit
793 2045 881 2098 per
904 2029 1193 2096 accidentia,
1233 2042 1295 2083 ut
1319 2047 1407 2101 per
1432 2026 1730 2099 infortunia,
1773 2030 1994 2098 morbos,
2033 2026 2311 2099 &fimiliaz
2350 2028 2453 2080 bo-

483 2121 604 2154 num
628 2103 855 2154 naturale
885 2103 1079 2153 nullum
1101 2101 1284 2172 salvat,
1324 2104 1520 2172 bonurn
1548 2110 1716 2156 aurem
1751 2101 2009 2173 spirituale
2047 2118 2214 2154 omnes
2256 2097 2458 2170 salvat3

486 2174 626 2228 caui-21
649 2176 755 2250 est„
778 2175 894 2243 quia
936 2176 1149 2243 bonum,
1188 2177 1327 2245 quod
1352 2176 1593 2231 formatur
1622 2194 1711 2247 per
1729 2186 1860 2229 ‘vera
1886 2174 2025 2245 fidei,
2057 2175 2128 2228 est
2146 2175 2368 2245 planum,
2411 2175 2465 2226 in

488 2249 621 2317 quod
652 2246 858 2299 influere
881 2248 1049 2318 potest
1071 2249 1274 2316 coelum,
1315 2248 1412 2301 hoc
1447 2250 1536 2318 est,
1572 2249 1822 2302 Dominus
1845 2267 1932 2319 per
1955 2248 2161 2317 coelum,
2198 2264 2254 2299 ac
2289 2247 2463 2301 ducere

492 2322 768 2388 hominem,
806 2318 863 2371 ὅζ
886 2320 1106 2373 detinere
1130 2322 1271 2372 illum
1297 2338 1324 2372 a
1346 2322 1498 2391 maIO,
1539 2340 1594 2375 ac
1621 2322 1789 2392 postea
1807 2324 2001 2376 elevare
2024 2322 2077 2373 in
2100 2321 2317 2389 coelum,
2358 2320 2461 2372 bo·
2547 2373 2550 2375 ,

491 2412 613 2446 num
635 2406 802 2445 autem
827 2395 1073 2462 naturale,
1093 2412 1216 2446 ‘non
1246 2395 1351 2462 ita3
1390 2411 1542 2465 quare
1566 2396 1654 2462 illi,
1690 2397 1776 2466 qui
1801 2397 1853 2448 in
1889 2396 2028 2448 bono
2067 2394 2298 2460 naturali⁴
2324 2390 2463 2460 sunt,

494 2478 600 2519 tam
635 2465 774 2518 facile
798 2465 973 2518 auferri
998 2464 1214 2536 poffunt‘
1245 2486 1273 2520 a
1313 2465 1435 2520 falso
1470 2480 1619 2537 quam·
1651 2487 1680 2522 a
1714 2487 1856 2537 vem,
1895 2469 2048 2534 modo
2088 2465 2265 2520 falsum
2293 2462 2463 2535 ‘appa-

498 2553 603 2592 reat
645 2541 695 2591 in
734 2538 892 2591 forma
930 2541 1032 2591 veri
1053 2561 1069 2607 ς
1108 2540 1296 2592 &stam
1321 2539 1461 2594 facile
1485 2542 1600 2592 duci
1623 2541 1832 2613 pofl'unt
1852 2560 1895 2597 Va
1919 2542 2056 2611 malo
2079 2545 2230 2611 quani
2250 2539 2463 2608 abono,

499 2613 652 2664 modo
677 2614 864 2682 malum
890 2611 1083 2665 fistatur
1108 2626 1168 2669 ut
1191 2614 1400 2681 bonum,
1439 2613 1567 2667 ‘sunt
1586 2614 1710 2668 ficut
1747 2616 1939 2686 plumae
1959 2616 2029 2666 ·in
2052 2624 2225 2667 vento·
2322 2669 2326 2675 ,

578 2683 734 2753 7762.
774 2683 1095 2738 Confidentia
1132 2684 1215 2738 seu
1236 2686 1433 2754 fiducia,
1470 2704 1586 2757 quae
1618 2689 1804 2741 dicitur
1827 2687 1967 2755 fidei,
2003 2687 2061 2739 ὃζ
2087 2695 2301 2740 vocatur
2324 2682 2469 2752 fides,

503 2775 610 2810 -non
645 2758 714 2808 est
751 2757 1055 2810 confidentia
1087 2756 1168 2811 seu
1194 2759 1377 2813 fiducia
1416 2758 1703 2833 spirituali8‚
1742 2758 1822 2812 sed
1853 2760 2124 2826 naturalis3
2164 2755 2471 2809 confidentia

507 2831 588 2884 seu
630 2828 813 2881 fiducia
853 2830 1121 2901 spiritualis
1156 2831 1411 2885 essentiam
1449 2834 1506 2885 δί
1531 2829 1695 2886 vitam
1716 2833 1853 2886 suam
1868 2833 2033 2885 'habet
2074 2830 2133 2884 ex
2160 2831 2298 2881 bono
2323 2847 2466 2881 amo-

508 2906 594 2971 riS,
632 2919 737 2953 non
760 2915 929 2955 autem
955 2923 1013 2956 ex
1040 2922 1160 2957 vero
1180 2904 1302 2958 fidei
1322 2905 1582 2977 separat03
1622 2906 1926 2963 confidentia
1969 2904 2087 2957 fidei
2126 2902 2362 2973 separatae
2400 2903 2472 2956 est

513 2987 744 3028 mortua:
785 2989 1095 3047 quapropter
1133 2997 1249 3030 vera
1281 2978 1584 3031 confidentia
1614 2997 1718 3032 non
1757 2978 1936 3030 dabilis
1973 2978 2043 3029 est
2067 2977 2197 3046 apud
2222 2977 2349 3042 illos,
2382 2976 2465 3045 qui

518 3051 676 3102 vitam
706 3049 886 3102 malam
910 3063 1147 3116 egerunt:
1188 3050 1289 3122 ipsa
1322 3053 1474 3103 etiam
1507 3051 1833 3117 confidentia,
1872 3050 2011 3119 quod
2048 3043 2260 3104 salvat-io
2301 3048 2366 3102 fit
2391 3064 2480 3118 per

517 3123 756 3177 meritum
780 3121 1007 3193 Domini,
1045 3136 1302 3195 utcunque
1327 3125 1437 3184 vita
1459 3122 1637 3195 fuerat,
1673 3142 1761 3179 nec
1783 3124 1853 3177 est
1876 3141 1936 3178 ex
1962 3141 2096 3184 vero,
2162 3143 2164 3145 ’

2073 3240 2487 3317 'CAPUT
